3232 5114
629 417 664 426 -·
700 387 786 440 XXXI
823 418 859 426 -

148 566 240 627 simo
255 565 288 627 H
304 575 347 642 et,
363 566 398 627 ni
413 565 524 642 fallor,
539 568 607 629 hoc
622 568 699 627 loco
714 566 962 644 Epitomatoris
984 569 1092 629 verba
1114 575 1172 628 aut
1194 567 1332 630 retinuit

148 683 210 736 aut
233 673 432 736 coniectura
447 675 570 736 ductus
592 673 749 736 restituit.
772 673 936 736 Codicem
950 675 980 738 L
995 677 1104 737 semel
1119 675 1153 736 in
1169 684 1332 754 corrupto

148 780 289 843 nomine
318 781 419 843 Cilito
446 782 506 859 (35,
522 782 567 858 16,
595 782 652 844 ubi
678 782 702 845 S
729 782 839 861 deest)
872 800 951 846 cum
982 782 1127 845 Zacheri
1157 782 1332 845 codicibus

147 887 324 972 plerisque
345 888 472 965 facere,
488 889 617 951 nostris
639 897 756 951 autem
771 888 880 967 ΟΜαβ
903 890 1082 952 meliorem
1104 908 1141 952 30
1164 893 1332 969 praebere

147 995 210 1056 vix
232 1005 286 1057 est
307 996 398 1074 quod
420 1013 592 1059 moneam.

257 1105 329 1166 lam
345 1105 450 1165 redeo
473 1105 518 1166 ad
540 1104 695 1168 codicem
706 1103 952 1182 Oxoniensem,
968 1105 1024 1184 qui
1043 1114 1158 1167 aetate
1170 1105 1332 1167 Mettensi

147 1211 223 1273 fere
246 1229 318 1290 par,
341 1211 547 1274 auctoritate
568 1211 680 1291 impar
700 1213 846 1275 videtur.
872 1213 961 1276 Nam
977 1213 1006 1275 si
1020 1223 1114 1276 recte
1130 1214 1172 1274 de
1187 1213 1330 1288 ratione,

147 1335 239 1397 quae
265 1317 355 1379 inter
381 1315 409 1379 Ο
437 1327 471 1380 et
497 1319 677 1381 Valerium
706 1319 896 1396 intercedit,
929 1339 1035 1399 snpra
1067 1321 1330 1400 disputavimus

147 1425 254 1488 etiam
275 1426 342 1487 hac
362 1424 396 1490 in
418 1434 518 1504 parte
540 1423 695 1489 codicem
711 1425 740 1488 Ο
756 1427 895 1506 saepius
916 1428 1163 1507 interpolatum
1182 1437 1242 1490 aut
1258 1447 1331 1490 cor-

146 1543 284 1596 rectum
299 1552 459 1597 essenon
471 1533 680 1597 mirabimur.
696 1535 762 1597 Hic
773 1535 842 1598 illic
854 1545 971 1598 autem
983 1535 1131 1616 scn‘ptor
1142 1537 1331 1615 epitomam

146 1659 167 1703 0
183 1640 327 1704 Valerio
349 1641 578 1721 interpolavit,
594 1645 691 1706 velut
709 1643 737 1718 3,
747 1643 784 1705 21
810 1644 1038 1723 transiagari
1056 1645 1332 1723 (transmigrare

145 1749 211 1828 Ep.
228 1749 340 1826 codd.)
355 1751 412 1826 9,5
426 1750 469 1812 01.
482 1767 588 1828 supra
602 1768 635 1829 p.
646 1749 774 1825 XXVI,
785 1750 834 1827 27,
850 1751 930 1813 2-3
949 1752 991 1814 ci.
1004 1751 1093 1814 Add.
1106 1753 1134 1814 4.
1146 1755 1174 1814 5.
1198 1751 1330 1829 Quibus

146 1856 318 1936 exemplis
333 1857 447 1936 ipsum
463 1856 540 1919 libri
557 1857 693 1919 titulum
709 1859 828 1930 addaS,
840 1876 943 1937 quem
960 1876 1004 1920 ex
1022 1859 1165 1923 Valerio
1183 1860 1331 1938 interpo-

145 1968 258 2026 latum
269 1982 376 2044 supra
385 1965 454 2028 iam
466 1964 623 2027 diximus.
642 1965 803 2028 Pluribus
815 1976 909 2028 certe
919 1966 1004 2029 locis
1017 1968 1189 2046 epitomae
1202 1967 1227 2028 Z
1240 1985 1331 2029 erro-

145 2089 205 2134 res
222 2071 337 2133 scriba
347 2090 365 2133 0
376 2071 516 2134 Valerio
529 2072 705 2151 corrigere
715 2073 826 2152 potuit
837 2074 899 2135 sed
910 2073 1031 2150 omisit,
1047 2074 1259 2151 velutl2,16.
1277 2075 1329 2155 173

145 2181 196 2256 39,
206 2179 431 2259 ii'nstitr'sset3
447 2180 492 2255 19,
500 2179 541 2242 26
549 2181 738 2260 consitnm;
751 2181 799 2257 29,
811 2182 857 2243 19.
869 2181 909 2243 20
918 2199 1051 2260 rexque
1057 2181 1329 2245 Parmenionem

140 2287 313 2366 protinas
330 2295 467 2366 poenas
488 2289 616 2368 capitis
643 2290 805 2367 dependit
831 2290 1034 2369 (Parmenio
1056 2297 1193 2369 poenas
1219 2290 1331 2369 capite

145 2395 311 2474 dependit
331 2394 432 2473 Val.).
455 2395 602 2475 Saepius
625 2395 654 2458 O
676 2396 817 2476 proprio
832 2397 944 2460 Marte
967 2406 1000 2458 et
1021 2414 1043 2458 a
1063 2397 1207 2459 Valerio
1230 2407 1264 2459 et
1286 2399 1329 2461 ab
1437 2464 1438 2474 ,

146 2504 322 2584 epitomae
352 2503 527 2567 codicibus
554 2504 694 2580 recedit,
721 2506 818 2566 velut
843 2505 920 2581 21,9
948 2505 1173 2567 inruentibus
1202 2505 1330 2583 (incar-

146 2613 308 2674 rentibns
340 2612 402 2690 Ep.
417 2611 527 2690 Val.);
554 2611 603 2688 26,
615 2611 655 2674 20
680 2613 882 2690 quaerenda
909 2613 1117 2690 (volritanda
1145 2614 1207 2693 Ep.
1225 2613 1329 2693 Val.);

145 2720 197 2796 28,
213 2719 250 2780 la
268 2719 476 2782 nonn'narat
489 2718 721 2797 (nominasset
730 2717 792 2798 Ep.
802 2719 910 2799 Vel),
928 2721 974 2791 19,
982 2720 1021 2782 27
1033 2721 1329 2784 nomnncalornm

146 2827 402 2906 (homallornm
417 2826 594 2905 Ep.Val.);
613 2828 658 2904 13,
670 2828 707 2889 13
720 2828 942 2907 iniuriaeque
952 2830 1120 2893 adridens
1131 2831 1330 2910 (iniuriam-

145 2953 215 3014 qne
230 2937 305 2996 adr.
321 2935 383 3014 Ep.
396 2934 497 3012 Vel).
523 2933 619 3010 Quos
638 2936 745 3010 10003,
761 2935 819 3014 qui
833 2934 965 3014 Meyeri
987 2937 1193 2999 sententiam
1215 2937 1330 3000 defen-

146 3043 231 3105 dere
261 3042 385 3122 cupiet,
417 3041 599 3121 diligenter
627 3043 730 3104 velim
759 3043 942 3106 examinet.
985 3045 1102 3107 Multis
1130 3064 1267 3125 quoque
1295 3047 1331 3109 in

132 3150 233 3213 locis
249 3151 334 3212 ordo
349 3150 547 3226 verborum,
568 3149 626 3229 qui
646 3149 681 3212 in
701 3151 861 3213 omnibus
879 3152 1027 3214 traditur
1045 3153 1218 3231 epitomae
1241 3154 1330 3216 codi-

146 3259 254 3335 cibuS,
266 3257 301 3320 in
312 3256 341 3320 O
354 3265 509 3320 mutatus
521 3266 582 3334 est,
594 3260 691 3319 velut
701 3258 747 3334 ll,
756 3258 1091 3338 damnosissimum
1101 3261 1329 3340 sepulchrum

146 3365 263 3444 exigit
283 3365 521 3444 (sepulchrum
544 3365 650 3444 erigit
670 3367 958 3444 operosissimam
980 3369 1043 3448 Ep.
1058 3370 1159 3448 Vni).
1183 3407 1221 3412 -

255 3471 324 3536 Sed
360 3490 431 3549 eae,
463 3490 553 3552 quae
591 3492 609 3535 0
641 3474 785 3536 Valerio
821 3476 1052 3556 transcriptae
1088 3487 1176 3554 sunt,
1209 3488 1329 3556 partes

146 3580 353 3659 scriptorem
374 3579 409 3642 in
430 3580 631 3643 universum
658 3581 742 3643 satis
765 3581 927 3661 religiose
949 3584 1158 3662 exemplaris
1180 3584 1329 3664 vestigia

145 3688 318 3769 pressisse
341 3691 536 3752 ostendunt.
558 3689 653 3751 idem
675 3690 780 3752 etiam
801 3690 836 3753 in
857 3691 911 3753 his
925 3691 1082 3770 partibus
1103 3665 1233 3754 factfim
1249 3709 1328 3754 0330

145 3798 329 3862 contendo
360 3797 521 3860 Habebat
541 3797 596 3860 ille
618 3797 653 3860 in
676 3815 781 3860 manu
797 3799 970 3878 epitomae
992 3800 1147 3863 codicem
1169 3799 1233 3863 etsi
1259 3818 1329 3862 non

145 3907 325 3986 optimum,
357 3923 428 3968 non
462 3915 579 3968 tamen
611 3907 910 3970 contemnendum.
953 3907 1131 3970 Consentit
1167 3908 1258 3971 enim
1292 3908 1328 3970 in

145 4012 354 4078 coniecturis
370 4011 398 4075 Ο
415 4031 494 4076 cum
508 4012 544 4076 M
562 4014 614 4090 1,8
636 4014 741 4076 antae
762 4015 880 4093 regiae
899 4021 1039 4092 secreta,
1063 4017 1235 4079 consentit
1250 4014 1323 4091 3,21

145 4123 206 4186 cui
224 4121 452 4184 Nectanabns
477 4139 556 4184 cum
577 4121 725 4184 Zacheri
751 4118 869 4186 co⁸dice
890 4123 949 4186 Pa.
991 4123 1068 4186 Non
1090 4126 1196 4188 habet
1217 4123 1327 4185 verba

144 4231 355 4308 interpolata
369 4230 396 4305 6,
408 4229 429 4291 8
443 4228 555 4290 velati
567 4229 711 4290 alaram
722 4230 868 4309 plansn,
885 4232 1024 4310 quaein
1039 4232 1063 4295 S
1078 4249 1184 4310 supra
1198 4231 1325 4293 lineam

144 4337 263 4401 addita
277 4346 357 4398 sunt
373 4346 407 4399 et
423 4337 547 4399 desunt
562 4337 596 4399 in
611 4337 720 4400 tribus
736 4339 880 4401 Zacheri
895 4339 1080 4414 codicibus
1097 4356 1175 4401 cum
1191 4337 1326 4400 duobus

144 4445 302 4508 eiusdem
318 4444 413 4507 libris
429 4455 551 4508 contra
565 4454 705 4508 nostros
727 4447 857 4524 43501
878 4448 1027 4511 exhibet.
1050 4448 1209 4527 Denique
1224 4448 1273 4524 30,
1288 4447 1326 4510 16
