3232 5114
771 356 969 417 ⁷„10-

145 578 170 630 p.
183 562 216 616 16
230 561 259 615 Ζ.
279 546 405 622 glauco
432 551 536 622 atque
563 543 726 608 dissimili.
769 543 960 606 Crescebat
981 559 1077 620 ergo,
1103 549 1141 604 ut
1162 541 1318 620 corporis
1340 541 1461 620 gratia,

278 651 327 714 ita
353 651 546 716 studiorum
572 661 606 714 et
631 651 835 730 prudentiae
857 650 1049 714 maiestate.
1092 649 1215 714 Nutrix
1238 649 1311 713 eius
1335 648 1463 712 Alacri-

278 759 341 836 nis,
370 759 599 838 paedagogus
627 759 809 832 Leonides,
838 758 1053 822 litteraturae
1081 757 1254 820 Polinicus
1286 756 1463 835 magister,

279 866 430 932 musices
459 866 636 946 Alcippus
663 849 899 946 geometricae
925 867 1111 942 Menecles,
1139 864 1312 930 oratoriae
1335 863 1462 926 Anaxi·

144 1010 170 1060 p.
182 993 215 1046 17
231 993 258 1046 z¹
278 992 409 1051 meneS,
436 974 677 1054 philosophiae
698 974 906 1038 Aristoteles
931 974 988 1038 iile
1009 973 1173 1037 Milesius,
1215 973 1300 1036 Erat
1326 971 1464 1050 quidem
1505 983 1523 1034 ὁ

278 1083 335 1146 ille
364 1082 409 1144 ad
437 1098 559 1145 omnes
586 1081 720 1146 litteras
749 1081 881 1162 peritus
911 1091 944 1144 et
973 1080 1038 1144 sibi
1066 1080 1210 1160 quisque
1236 1078 1338 1142 ludus
1360 1077 1466 1156 impe-

279 1191 363 1254 riale
386 1189 549 1270 quiddam
572 1198 647 1252 erat
669 1189 964 1252 meditamentum.

360 1299 495 1362 Interea
516 1297 590 1372 viri,
620 1296 677 1376 qui
699 1296 845 1375 Philippi
874 1295 1003 1375 equitia
1032 1296 1210 1372 curabant,
1240 1311 1368 1374 equum
1389 1310 1467 1372 spe·

280 1405 414 1469 ctabilis
439 1405 574 1468 iormae
600 1403 675 1482 regi
702 1404 885 1474 deducunt,
914 1403 1078 1482 aiuntque
1110 1402 1206 1466 illurn
1228 1402 1376 1465 armenti
1397 1399 1467 1480 qui-

244 1530 261 1584 5
281 1513 359 1578 dem
380 1511 510 1592 regalis
531 1512 639 1576 fuisse
661 1530 782 1594 genus
803 1512 993 1574 formatum
1008 1511 1155 1591 pedibus
1171 1511 1215 1574 ad
1230 1510 1356 1590 Pegasi
1371 1509 1467 1576 fabu-
1489 1521 1527 1574 10
1593 1573 1594 1582 ,

280 1623 350 1686 lam
382 1629 417 1683 et
449 1621 478 1683 si
514 1620 572 1700 qui
603 1620 711 1684 fuisse
743 1619 975 1682 Laomedonti
1009 1618 1180 1683 eiusmodi
1201 1618 1468 1697 praedicantur.

280 1728 468 1807 Additque:
513 1745 639 1802 „unum
668 1726 807 1807 quidem
847 1735 900 1790 est
936 1727 967 1788 ei
1001 1726 1128 1790 beluile
1157 1725 1288 1802 vitium,
1316 1742 1468 1804 namque

279 1836 438 1900 homines
467 1835 536 1897 edit
565 1845 599 1896 et
625 1834 661 1897 in
689 1834 858 1898 eiusmodi
890 1835 1057 1913 pabutum
1086 1834 1228 1898 saevit.“
1278 1833 1353 1896 Rex
1380 1852 1468 1898 vero

145 1980 170 2030 p.
183 1965 218 2017 18
230 1965 260 2017 Z.
280 1944 341 2008 ait:
375 1943 574 2020 „enimvero
607 1941 771 2021 quoniam
804 1943 912 2004 semel
946 1942 1115 2005 deductus
1147 1952 1210 2019 est,
1243 1941 1357 2004 claudi
1388 1959 1469 2004 eum

282 2060 386 2130 atque
409 2053 502 2114 alere
525 2047 689 2112 curabitis
711 2049 776 2111 sub
799 2048 959 2112 claustris
982 2049 1113 2113 scilicet
1134 2047 1391 2128 praeferretis.“
1423 2049 1469 2112 Et
1490 2059 1527 2112 15

281 2174 360 2220 cum
383 2157 473 2219 dicto
495 2155 592 2220 iussa
612 2158 839 2236 complentur.

364 2264 409 2326 14.
426 2261 515 2344 [Val.
526 2263 573 2338 14,
583 2261 642 2344 14]
657 2262 1001 2327 IntereaAlexander
1008 2264 1078 2328 iam
1086 2282 1215 2328 annum
1225 2263 1469 2328 duodecimum

244 2393 261 2444 5
281 2389 391 2450 agens
406 2370 496 2450 patri
511 2388 630 2434 comes
644 2369 752 2432 fiebat
763 2378 796 2432 et
808 2387 875 2433 usu
885 2388 1062 2434 armorum
1078 2370 1240 2453 [semper]
1255 2372 1350 2436 indui
1363 2372 1471 2436 medi-

281 2480 420 2542 tabatur
440 2488 473 2542 et
495 2496 574 2543 cum
596 2477 805 2541 exercitibus
827 2479 937 2541 videri
952 2481 1129 2559 gaudebat
1151 2491 1186 2543 et
1200 2480 1297 2560 equis
1315 2479 1470 2544 insiliens

282 2598 408 2653 cuncta
452 2597 489 2651 ut
534 2586 823 2665 prudentissimus
869 2587 968 2650 miles
1022 2590 1158 2667 agebat.
1236 2588 1330 2652 Dum
1383 2604 1470 2667 ergo
1490 2598 1529 2650 20

281 2696 459 2775 Philippus
482 2695 525 2758 ad
546 2693 721 2774 quandam
739 2694 848 2758 illicce
867 2696 1063 2774 proximam
1079 2695 1256 2760 civitatem
1270 2694 1471 2774 proficisce-

282 2813 377 2866 retur
391 2822 460 2866 non
476 2801 576 2864 simili
592 2801 731 2878 affectu,
747 2820 815 2881 quo
831 2803 962 2878 solitus,
978 2802 1136 2882 protinus
1149 2803 1332 2882 Olympias
1346 2802 1472 2866 Necta-

229 2931 263 2983 10
281 2912 410 2974 naburn
443 2909 568 2989 repetit
603 2927 751 2988 eumque
783 2911 930 2973 consulit
961 2928 1067 2989 super
1099 2911 1314 2974 clandestino
1355 2910 1473 2974 mariti

282 3019 434 3082 consilio
451 3017 517 3096 Qui
529 3018 611 3081 dum
622 3017 787 3081 assidenti
799 3017 1071 3082 sibiAlexandro
1080 3037 1124 3082 ex
1133 3028 1208 3081 arte
1219 3018 1278 3081 illa
1286 3017 1415 3080 astrica
1423 3020 1472 3082 lo·

282 3134 455 3206 queretur,
478 3125 525 3188 ait
539 3125 754 3188 Alexander:
779 3126 972 3205 „Numquid
990 3127 1057 3189 ista
1077 3136 1130 3189 est
1150 3127 1336 3190 similitudo
1356 3126 1472 3188 stella·
1492 3137 1529 3190 25

282 3252 369 3310 rum,
398 3251 488 3313 quae
517 3232 675 3295 visuntur
699 3232 734 3295 in
760 3235 895 3295 caelo?“
938 3234 982 3296 Et
1003 3233 1226 3298 Nectanabus
1247 3234 1296 3297 ita
1318 3250 1396 3296 esse
1418 3251 1470 3296 re·

283 3427 496 3435 ,————-.

283 3553 299 3604 2
330 3551 454 3603 studium
481 3555 508 3602 et
526 3537 680 3616 “prudentia
705 3549 730 3600 M
772 3547 774 3616 t
831 3549 849 3600 ⁴i
872 3548 996 3602 musicus
1021 3548 1097 3600 SMo
1129 3548 1302 3602 musican
1342 3548 1470 3603 musicae

284 3641 387 3704 artisss
413 3642 523 3692 correxi
542 3657 575 3690 ae
594 3636 652 3707 Vtt
691 3638 821 3705 Aloispus
845 3637 972 3699 SOMoti
991 3637 1075 3706 (Vp)t
1114 3638 1309 3692 bhristoliies
1333 3637 1380 3706 0}
1421 3639 1470 3693 ilie
1506 3633 1510 3640 ’

284 3749 333 3785 om.
354 3730 402 3784 Ou
426 3747 447 3782 a.
468 3730 486 3780 l.
514 3729 531 3782 S
553 3727 556 3798 ξ
596 3727 722 3780 milesius
749 3744 782 3779 ex
807 3727 940 3780 miteseus
969 3744 1039 3780 corr.
1064 3729 1090 3782 S.
1118 3726 1120 3796 1
1167 3728 1183 3780 6
1210 3727 1326 3795 peritus]
1354 3731 1471 3796 paratus

284 3821 422 3874 Machliue
444 3817 446 3888 1
487 3819 531 3875 617
551 3818 609 3871 iudi
629 3816 783 3885 imperialis
803 3816 935 3884 quiddam
956 3816 1103 3870 addiderat
1123 3820 1136 3881 β
1159 3817 1161 3886 t
1201 3819 1216 3868 7
1236 3817 1471 3872 meditamentum

284 3931 318 3968 ea
344 3912 507 3966 meditatum
536 3926 607 3962 corr.
627 3910 653 3964 M
688 3907 690 3977 1
742 3908 851 3975 arogis
870 3907 896 3960 M
930 3906 934 3976 i
986 3909 1018 3960 11
1046 3908 1069 3960 si
1096 3908 1143 3976 qui
1170 3907 1249 3961 SOM
1270 3907 1331 3976 (Vp)
1356 3914 1425 3960 recte
1446 3908 1471 3961 si

284 4003 348 4074 equi
363 4005 403 4066 ab
417 4001 470 4070 (Vt)
486 3999 489 4070 1
510 3998 682 4054 laomedonti
696 3999 714 4050 S
730 3999 733 4066 Ι
756 3997 789 4049 12
801 3996 933 4063 additque
944 3997 969 4048 M
984 3996 1145 4064 addiditque
1157 3996 1203 4050 SO
1218 3996 1470 4064 addideruntquetl

284 4094 445 4160 adduntque
462 4107 479 4142 α
496 4089 557 4158 (sed
576 4089 654 4142 addit
674 4086 798 4155 oquisius
811 4086 850 4153 V),
864 4088 899 4150 of.
913 4086 985 4139 Adii.
1000 4089 1060 4137 crit.
1082 4085 1085 4155 1
1126 4088 1160 4140 il
1175 4090 1217 4139 est
1230 4086 1306 4153 Epic.
1321 4088 1395 4139 codd.
1409 4087 1470 4156 (Vg)

285 4202 334 4238 om.
348 4185 400 4251 th
415 4179 419 4252 Ι
453 4181 487 4236 15
500 4180 575 4232 alere
590 4179 665 4244 Epir.
680 4178 753 4228 codd.
769 4159 846 4244 (iigp)
861 4175 898 4229 ali
912 4177 943 4228 Vt
960 4174 963 4244 t
996 4169 1163 4244 praeferatis
1177 4176 1195 4229 S
1213 4177 1408 4244 praeieramtis
1421 4177 1449 4230 M
1466 4177 1470 4248 Ι

286 4276 319 4330 18
338 4263 448 4340 semper
461 4273 492 4322 in
504 4268 625 4335 marpS
645 4282 755 4318 erasum
767 4266 814 4331 Vg.
829 4281 879 4315 om.
893 4263 963 4334 tht
997 4266 1032 4318 20
1049 4265 1195 4336 uiatSt
1230 4265 1469 4338 23consuitiitMl

285 4366 319 4418 25
338 4362 486 4431 numqidS
523 4357 527 4430 1
582 4357 689 4422 26111,1
711 4355 752 4409 ita
772 4372 833 4408 esse
853 4354 998 4420 respondit
1015 4353 1061 4408 SO
1082 4355 1113 4423 (V
1132 4357 1178 4407 sed
1198 4372 1260 4410 esse
1279 4373 1301 4409 a.
1321 4356 1338 4406 l.
1359 4353 1409 4424 Vg)
1430 4356 1472 4410 ita

286 4454 429 4523 respondit
448 4467 510 4506 esse
530 4449 606 4512 Μαβ
628 4447 631 4516 t
