3232 5114
749 425 783 432 —
821 392 932 444 XXXII
972 421 1004 431 -

289 573 323 635 in
345 574 422 635 loco
444 571 651 650 interpolato
673 571 747 634 fere
769 572 893 634 eadem
915 571 1050 648 omittit,
1067 589 1156 651 quae
1178 571 1214 635 in
1235 571 1307 634 fine
1323 571 1474 650 paginae

289 679 475 760 adscripsit
506 679 541 740 M
573 679 675 758 (conf.
708 681 811 742 etiam
845 679 990 742 Zacheri
1021 680 1145 759 notas).
1188 680 1287 742 Haec
1317 679 1423 759 igitur
1455 697 1474 741 e

289 789 479 851 vetustiore
511 788 685 867 epitomae
717 787 804 850 libro
835 788 977 867 recepit,
1007 805 1110 866 quem
1142 795 1260 850 tamen
1293 787 1474 867 egregium

287 897 378 959 inter
399 906 535 958 ceteros
557 898 672 958 locum
694 905 813 959 tenere
834 913 946 972 nem0,
971 896 1102 976 opinor,
1120 895 1382 971 demonstrabit,
1395 913 1474 957 cum

289 1006 347 1065 vel
362 1005 608 1082 interpolatum
623 1003 769 1066 verbum
785 1011 922 1082 semper
937 1004 997 1082 (10,
1012 1003 1071 1082 18),
1085 1003 1178 1082 quod
1189 1003 1224 1065 in
1234 1003 1258 1065 S
1269 1003 1305 1064 in
1317 1002 1474 1082 margine

289 1110 504 1189 adscriptum
527 1119 589 1186 est,
612 1110 702 1172 inter
724 1110 858 1190 reliqua
878 1111 935 1173 ille
957 1111 1159 1173 exhibuerit.

398 1219 490 1282 Usus
511 1227 563 1280 est
578 1218 795 1296 Epitomator
809 1219 941 1281 Valerii
957 1219 1086 1296 codice,
1103 1220 1170 1298 qui,
1185 1228 1223 1281 ut
1244 1219 1323 1294 dixi,
1340 1219 1474 1281 Gottin-

290 1327 408 1407 gensis
432 1326 514 1406 (Vg)
544 1325 633 1388 illius
655 1325 718 1387 fuit
740 1325 935 1388 simillimus
956 1329 1134 1406 multoque
1155 1326 1299 1406 propius
1326 1327 1371 1388 ad
1393 1325 1475 1387 Am-

290 1435 492 1497 brosianum
507 1433 588 1512 (Va)
604 1451 708 1512 quam
724 1434 768 1495 ad
783 1433 977 1496 Parisinum
1000 1434 1083 1513 (Vp)
1105 1452 1143 1496 se
1166 1434 1310 1510 addixit;
1334 1433 1474 1512 saepius

290 1543 396 1605 etiam
408 1560 487 1605 cum
497 1540 721 1604 Ambrosiam
733 1541 861 1603 notulis
873 1541 963 1603 inter
974 1541 1084 1604 lineas
1100 1541 1226 1604 additis
1241 1541 1289 1604 ita
1304 1540 1473 1620 congruit,

290 1658 328 1711 ut
341 1649 417 1712 illas
433 1667 452 1710 e
467 1647 660 1710 vetustiore
674 1647 761 1709 libro
777 1647 904 1726 petitas
920 1666 998 1710 esse
1014 1648 1098 1710 satis
1114 1649 1288 1722 ostendat;
1312 1647 1474 1710 conferas

291 1776 320 1819 e.
333 1775 365 1837 g.
377 1757 425 1832 22,
441 1757 477 1818 13
494 1773 587 1818 ooos
602 1755 834 1818 stultissimos
850 1755 968 1834 inquit
982 1756 1105 1831 dicam,
1125 1755 1182 1817 ubi
1193 1754 1356 1818 Valerius
1372 1755 1433 1832 (62,
1441 1757 1474 1832 3)

292 1883 394 1927 ooos
407 1864 631 1944 fortissimos
655 1864 707 1926 ait
727 1864 842 1940 habet,
870 1865 933 1926 sed
955 1881 1061 1943 supra
1082 1864 1210 1926 lineam
1233 1863 1289 1926 Va
1313 1863 1368 1924 vel
1388 1862 1475 1926 stul-

291 1973 447 2035 tissimos
462 1972 615 2033 dixerim
632 1970 736 2033 addit.
759 1970 871 2033 Huius
885 1971 991 2050 igitur
1006 1970 1134 2032 codicis
1156 1970 1344 2050 imaginem
1365 1972 1474 2032 multo

291 2081 360 2143 iam
382 2079 612 2142 confidentius
633 2097 842 2157 recuperare
864 2079 963 2142 nobis
985 2078 1108 2142 licebit.
1140 2077 1204 2139 His
1226 2086 1341 2140 autem
1364 2077 1475 2139 tribus

292 2187 463 2263 subsidiis,
485 2187 658 2266 epitomae
681 2188 911 2266 archetypum
935 2185 1011 2248 dieo
1033 2194 1067 2248 et
1085 2185 1321 2264 fragmentum
1343 2183 1476 2245 Gottin-

291 2311 400 2374 gense
428 2304 462 2356 et
490 2304 656 2373 excerpta
678 2292 729 2370 Oi,
758 2294 787 2355 si
815 2302 909 2356 recte
937 2301 1083 2363 utemur,
1112 2293 1240 2354 multos
1268 2291 1303 2352 in
1331 2289 1475 2353 Valerio

290 2405 388 2465 locos
401 2403 587 2464 emendare
597 2402 797 2481 poterimus.
813 2401 1026 2463 Kueblerum
1038 2400 1137 2476 enim,
1151 2400 1264 2462 virum
1277 2400 1319 2461 de
1331 2397 1475 2461 Valerio

290 2509 420 2588 optime
436 2510 605 2584 meritum,
617 2508 775 2571 codicum
791 2526 934 2571 suorum
949 2507 1145 2598 auctoritati
1156 2507 1297 2570 nimium
1312 2506 1474 2569 tribuisse

292 2617 451 2695 equidem
472 2634 680 2696 persuasum
701 2617 824 2679 habeo
847 2653 884 2660 —

399 2725 437 2786 In
463 2724 620 2804 paranda
645 2725 711 2786 hac
738 2725 912 2803 epitomae
938 2723 1140 2786 recensione
1167 2723 1202 2784 id
1228 2722 1379 2784 maxime
1409 2720 1474 2799 egi,

292 2839 337 2908 ut,
354 2831 435 2910 quid
450 2833 562 2894 codex
577 2830 786 2894 Oxoniensis
803 2830 1003 2907 contineret,
1021 2831 1216 2910 legentibus
1231 2845 1475 2909 proponerem.

291 2939 363 3001 Cur
384 2949 502 3001 tamen
516 2939 552 3000 in
567 2957 617 3016 ea,
640 2956 729 3018 quae
751 2939 933 3001 vetustiori
957 2938 1177 3017 epitomatori
1199 2937 1353 3014 debetur,
1375 2945 1475 3015 parte

293 3047 344 3126 (Ζ)
357 3065 436 3108 eum
452 3047 549 3126 sequi
559 3066 629 3109 non
639 3047 821 3126 potuerim,
834 3063 940 3125 supra
953 3046 1108 3124 exposui.
1124 3046 1241 3108 Meum
1251 3063 1330 3108 esse
1341 3051 1475 3122 praete-

292 3173 354 3217 rea
365 3155 456 3232 duxi,
472 3165 510 3217 ut
525 3164 691 3234 quantum
701 3163 853 3233 possem,
864 3153 1112 3232 Epitomatoris
1124 3154 1234 3215 verba
1245 3151 1475 3214 restituerem.

292 3262 359 3324 Ubi
372 3263 468 3326 illum
484 3263 658 3342 recepisse
677 3280 766 3344 quae
782 3279 887 3324 sensu
902 3271 1070 3338 carerent,
1086 3261 1194 3340 ipsius
1206 3259 1337 3323 Valerii
1349 3260 1476 3322 docent

293 3370 411 3446 verba,
438 3371 558 3451 reliqui
583 3371 675 3450 quod
700 3370 736 3432 in
762 3369 961 3432 melioribus
988 3367 1163 3431 codicibus
1190 3371 1383 3448 legebatur,
1416 3369 1477 3430 ubi

293 3495 338 3538 ex
368 3477 512 3550 Valerio
543 3477 636 3540 facili
669 3494 776 3555 opera
808 3475 982 3555 epitomae
1014 3478 1123 3538 verba
1155 3477 1271 3538 sanari
1302 3485 1475 3556 poterant,

292 3584 423 3647 intacta
444 3603 486 3646 ea
507 3585 700 3664 relinquere
723 3584 826 3646 nolui.
860 3583 937 3660 Qua
957 3583 991 3645 in
1014 3602 1051 3645 re
1074 3593 1169 3646 certe
1191 3586 1334 3646 modum
1355 3593 1476 3647 tenere

294 3689 532 3754 difficillimum
548 3702 601 3755 est
616 3711 740 3772 meque
755 3692 869 3772 ipsum
885 3691 1024 3771 saepius
1040 3690 1180 3753 dubium
1197 3691 1353 3754 haesisse
1366 3691 1476 3754 libere

293 3798 470 3878 profiteor.
512 3801 606 3862 Infra
636 3800 809 3880 epitomae
840 3808 1046 3879 apparatum
1077 3799 1164 3876 illas
1200 3817 1286 3878 quas
1318 3798 1347 3860 O
1379 3801 1477 3861 solus

295 3908 434 3970 exhibet
464 3918 582 3987 partes
615 3907 691 3988 (Oi),
721 3907 911 3970 minoribus
940 3905 1032 3985 typis
1065 3905 1309 3984 exprimendas
1346 3907 1478 3970 curavi.

293 4015 503 4095 Paginarum
531 4024 564 4078 et
591 4016 743 4095 capitum
768 4031 943 4092 numeros
971 4014 1028 4094 qui
1054 4023 1134 4104 sunt
1161 4014 1319 4077 editionis
1349 4015 1477 4078 Zache·

294 4123 412 4186 rianae
436 4132 469 4186 et
489 4124 753 4200 Kueblerianae,
774 4124 809 4186 in
830 4112 988 4201 'margine
1011 4122 1135 4185 addidi.
1166 4123 1204 4184 In
1226 4123 1478 4185 commentario

294 4231 436 4294 editioni
462 4231 578 4293 addito
608 4240 642 4293 et
668 4231 823 4311 singulos
849 4233 946 4292 locos
972 4239 1006 4292 et
1032 4229 1137 4292 totius
1166 4231 1340 4309 epitomae
1367 4231 1479 4292 latini·

295 4349 403 4403 tatem
418 4341 606 4419 explanare
625 4339 749 4404 studui.
771 4340 809 4401 In
829 4338 997 4417 epimetro
1019 4336 1130 4399 fusius
1153 4337 1195 4398 de
1217 4336 1326 4416 ipsius
1342 4337 1479 4400 Valerii

294 4447 491 4527 fragmento
514 4447 734 4527 Gottingensi
757 4447 820 4527 egi.
