3232 5114
750 457 783 463 —
821 425 935 478 XXVIII
973 457 1006 464 —

284 615 432 685 utroque
449 615 565 668 tamen
582 606 701 668 codice
716 605 838 668 melior
854 615 916 680 est,
933 604 1093 668 conferas
1110 624 1140 668 e.
1150 623 1182 686 g.
1194 605 1271 681 29,2
1283 606 1464 684 cuiqunm;

284 713 364 790 29,3
386 714 667 792 i'ncunctnnti‘us;
697 713 773 788 4Ο,4
800 712 868 792 nti,
896 713 975 788 ool
1001 731 1090 792 quiue
1116 713 1154 774 iii
1176 713 1370 792 principiis
1396 730 1469 792 ege-

285 821 401 882 rimus
428 822 476 882 nd
504 821 699 883 Asiaticum
728 837 838 898 nsque
865 819 1137 899 expcdz'ti‘onen23
1166 820 1268 896 50,12
1294 820 1467 896 norniuis3

283 927 332 1002 52,
343 928 387 988 9e
402 927 628 1007 muteriu;52,
640 927 676 989 10
687 927 784 990 vinti.
807 926 937 988 Habuit
954 925 1005 1002 Oi,
1018 944 1107 1006 quae
1127 927 1251 989 desunt
1266 927 1301 990 in
1311 929 1379 1006 Vp,
1396 946 1468 990 non

283 1035 412 1111 habuit,
429 1052 518 1114 quae
539 1033 677 1097 aliunde
699 1034 733 1097 in
754 1035 850 1097 illum
871 1035 1006 1097 intrusa
1022 1043 1110 1112 sunt,
1127 1035 1311 1113 multisque
1327 1052 1467 1113 corrup-

283 1143 362 1204 telis
393 1160 482 1206 unus
511 1143 617 1206 affert
642 1144 764 1206 lucem.
795 1178 832 1186 —
861 1143 899 1204 In
928 1143 1070 1205 edendis
1094 1141 1135 1204 Oi
1163 1141 1277 1204 verbis
1300 1143 1366 1204 hac
1388 1159 1466 1203 sum

283 1267 367 1313 usus
381 1251 642 1330 temperatione,
659 1259 696 1312 ut
715 1251 823 1330 ipsius
845 1250 980 1312 scribae
993 1250 1120 1313 menda
1135 1258 1257 1329 aperta
1271 1248 1306 1310 in
1321 1258 1466 1322 textum,

282 1358 340 1437 qui
362 1359 495 1437 dicitur,
517 1379 589 1425 non
623 1359 824 1438 reciperem.
864 1358 953 1420 Nam
989 1359 1141 1420 scribam
1173 1356 1301 1419 codicis
1334 1354 1363 1417 Ο
1396 1373 1465 1417 non

282 1467 396 1545 ipsum
411 1468 502 1530 hanc
517 1467 758 1530 recensionem
773 1466 968 1528 confecisse
984 1466 1093 1546 ipsius
1114 1467 1191 1529 libri
1211 1465 1340 1527 nitidus
1363 1466 1465 1527 docet

261 1563 461 1653 'aspectus3
488 1574 706 1654 transcripsit
733 1592 810 1637 eam
838 1575 881 1636 de
902 1574 1110 1654 {exemplam
1134 1574 1227 1653 quod
1249 1582 1342 1635 certe
1365 1574 1466 1652 plura

282 1682 436 1744 exhibuit
458 1682 532 1744 eius
552 1681 681 1743 laboris
703 1681 860 1762 vestigia,
883 1691 1086 1762 quo-ortam
1109 1691 1213 1761 atque
1236 1679 1464 1760 compositam

282 1807 360 1851 esse
382 1791 473 1852 hanc
494 1789 733 1851 recensionem
756 1808 862 1868 supra
888 1789 990 1852 docui
1017 1789 1072 1867 (cf.
1093 1798 1211 1851 notam
1238 1797 1394 1850 nostram
1420 1788 1465 1849 ad

282 1913 312 1975 p.
328 1897 368 1958 37
390 1897 467 1958 add.
482 1897 524 1976 3).
546 1897 633 1958 Illud
653 1896 757 1975 igitur
778 1897 876 1976 quasi
898 1897 1073 1976 refingere
1095 1897 1258 1959 conabor.
1318 1883 1320 1888 ’

389 2002 574 2065 Difficilius
601 2021 686 2065 sane
713 2013 765 2065 est
792 2005 835 2065 de
865 2021 906 2065 ea
935 2013 1034 2082 parte
1060 2003 1224 2065 Iudicium
1248 2002 1350 2080 ferre,
1374 2021 1465 2082 quae

281 2111 367 2172 libro
390 2108 581 2172 Oxoniensi
607 2128 685 2172 cum
712 2110 837 2172 ceteris
864 2111 1038 2189 epitomae
1065 2110 1241 2172 codicibus
1270 2111 1463 2173 communis

282 2226 343 2295 est,
365 2219 432 2280 hoc
454 2226 507 2279 est
528 2218 652 2292 dicere,
676 2225 842 2296 quantum
866 2216 1023 2279 conferat
1045 2218 1090 2280 ad
1111 2219 1220 2280 verba
1242 2218 1415 2297 epitomae
1437 2219 1463 2280 Z

280 2334 375 2387 recte
397 2326 637 2388 constituenda
660 2325 770 2387 codex
793 2323 1010 2388 Oxoniensis
1046 2325 1187 2388 Minime
1208 2335 1326 2389 tamen
1348 2329 1466 2407 negle-

280 2435 433 2513 gendum
459 2435 526 2496 hoc
554 2434 639 2496 mihi
659 2433 849 2495 videbatur.
891 2432 980 2494 Nam
1008 2433 1157 2496 sirecte
1185 2435 1313 2496 Paulus
1342 2435 1467 2513 Meyer

279 2543 372 2604 hunc
398 2542 553 2604 codIcem
579 2541 731 2603 medium
758 2541 848 2603 inter
868 2540 1050 2603 Valerium
1078 2552 1111 2604 et
1139 2542 1326 2622 epitomam
1347 2543 1463 2604 locum

279 2659 399 2712 tenere
421 2649 608 2724 statuisset,
631 2648 735 2710 etiam
757 2648 872 2723 variis
898 2666 984 2726 quas
1008 2649 1133 2726 dIcunt,
1162 2651 1367 2712 lectionibus
1395 2651 1463 2711 hoc

280 2757 420 2836 probari
445 2773 590 2819 necesse
618 2765 720 2832 esset,
747 2756 827 2818 licet
854 2755 1026 2834 epitomae
1057 2758 1262 2837 scriptorem
1289 2777 1359 2820 non
1385 2758 1464 2837 ipso

281 2865 399 2926 codice
429 2863 467 2941 O,
497 2864 558 2926 sed
589 2865 662 2927 eius
689 2865 838 2944 gemello
871 2882 973 2927 usum
1006 2883 1084 2927 esse
1113 2866 1238 2947 fingas
1281 2867 1350 2930 Sed
1383 2885 1462 2930 cum

280 2971 382 3050 pauci
404 2971 505 3033 huius
528 2971 699 3051 epitomae
721 2971 798 3033 libri
819 2974 998 3051 hucusque
1020 2973 1167 3053 inspecti
1189 2983 1316 3050 essent,
1329 2983 1365 3036 ut
1387 2974 1465 3054 ipse

281 3079 408 3157 aliquid
438 3081 612 3154 adderem,
645 3097 738 3140 nova
769 3080 898 3142 auxilia
931 3080 1170 3161 circumspexi.
1213 3081 1327 3144 Missis
1359 3082 1466 3161 igitur

281 3187 425 3249 Zacheri
437 3188 545 3268 copiis
558 3188 708 3267 quinque
721 3187 862 3250 adhibui
876 3188 991 3264 libros,
1006 3189 1128 3267 quibus
1140 3190 1278 3252 adiutus
1290 3189 1464 3270 epitomae

281 3296 389 3357 verba
415 3296 564 3358 ederem.
608 3295 708 3372 Quod
734 3294 888 3357 feceram
915 3296 995 3372 Iam,
1018 3315 1096 3358 cum
1119 3297 1235 3360 Bruno
1257 3297 1343 3375 Keil,
1366 3315 1464 3377 prae·

281 3411 401 3482 ceptor
422 3402 683 3478 illustrissimus
705 3402 812 3480 ipsius
828 3401 959 3464 Valerii
981 3402 1217 3482 fragmentum
1233 3405 1464 3484 Gottingense

281 3510 363 3573 mihi
374 3511 590 3585 monstravit,
599 3510 694 3572 cuius
706 3509 872 3572 lectiones
882 3509 1052 3572 itaverbis
1065 3510 1237 3589 epitomae
1249 3512 1464 3591 respondere

280 3618 534 3697 intellegebam,
560 3627 598 3680 ut
624 3616 697 3679 fere
724 3617 910 3696 Imaginem
939 3617 1027 3679 iIIIus
1051 3618 1190 3694 codicis
1213 3637 1281 3698 quo
1304 3637 1388 3681 usus
1411 3628 1465 3681 est

281 3725 507 3807 Epitomator,
516 3733 596 3786 ante
606 3725 725 3786 oculos
737 3725 867 3786 habere
879 3724 962 3786 mihi
971 3725 1121 3788 viderer.
1134 3726 1203 3788 Sed
1212 3728 1255 3788 de
1264 3727 1466 3806 fragmento

282 3833 501 3912 Gottingensi
532 3833 643 3911 (nobis
662 3832 734 3912 Vg)
759 3834 860 3911 plura
887 3833 922 3894 in
950 3833 1118 3912 epimetro
1146 3834 1362 3913 docebimus;
1394 3834 1465 3896 iarn

282 3959 453 4019 eosquos
469 3941 512 4002 ad
528 3940 716 4018 epitomam
731 3939 902 4002 edendam
920 3939 1060 4002 adhibui
1076 3942 1216 4003 codices
1233 3943 1464 4004 enumerabo:

392 4050 417 4111 l.
440 4047 604 4109 Codicem
623 4048 919 4126 Stuttgartensem
942 4047 1014 4110 Fol.
1030 4048 1090 4109 loo
1106 4085 1143 4091 —
1159 4050 1273 4112 littera
1288 4049 1312 4112 S
1328 4049 1466 4128 signavi

285 4195 319 4201 —
342 4157 655 4230 membranaceum,
678 4153 926 4234 magnitudinis
953 4155 1066 4224 22><9
1090 4175 1153 4233 cm,
1181 4160 1321 4219 saeculo
1348 4157 1381 4219 X
1407 4160 1465 4218 vel

282 4267 329 4329 XI
352 4265 555 4345 scriptum.1)
579 4262 740 4325 Continet
762 4262 853 4324 inter
874 4261 941 4324 alia
962 4262 1053 4324 foliis
1071 4264 1218 4327 15ῖ-33ν
1241 4267 1316 4344 (sed
1338 4265 1410 4328 folii
1424 4266 1469 4328 33

394 4402 413 4471 ¹)
441 4398 483 4453 Cf.
503 4397 597 4466 Heyd,
624 4396 681 4448 DIe
707 4395 905 4448 historischen
932 4395 1162 4449 Handschristen
1190 4399 1251 4488 der.
1271 4399 1469 4468 Koniglichen

283 4490 478 4543 iissentlichen
500 4486 666 4539 Bibliothck
688 4501 722 4536 zu
742 4486 781 4539 st.
802 4485 820 4537 I.
842 4499 869 4550 p.
887 4497 943 4547 177.
