929 1390
386 163 402 165 ἠ
421 154 469 168 XXIII
488 163 504 164 ἡ

149 201 188 215 solo
202 203 276 219 exstant,
290 200 346 215 obiter
358 199 454 219 perlegenti
467 204 488 215 ac
501 199 611 215 mediocriter
626 204 665 215 cum
676 200 742 215 Valerii

150 229 199 242 textu
206 228 224 242 et
231 231 271 242 cum
279 226 365 246 epitomae
374 227 386 242 Z
392 227 459 242 ratione
467 229 563 247 naturaque
571 226 682 242 contendenti
689 227 742 242 mani-

149 253 214 269 festum
228 254 265 273 erit,
276 254 363 273 epitomae
376 254 467 270 consilium
480 256 517 270 toto
530 254 579 270 caelo
590 254 612 269 ab
623 253 657 273 illo,
668 254 714 274 quod
725 254 742 270 in

150 280 171 296 Oi
179 281 289 300 conspicitur,
297 281 366 296 distare.
377 281 445 301 Ubique
453 281 498 297 enim
508 281 525 297 in
533 281 593 297 oculos
603 281 674 296 incurrit
685 281 741 301 Epito-

150 308 223 323 matoris
231 308 244 323 Z
251 308 322 327 puerilis
333 308 428 325 affectatio.
436 312 470 328 qua
481 308 535 324 verba
545 308 612 324 Valeri-i
622 308 714 324 immutare
725 311 742 324 et

149 334 199 354 quasi
211 339 243 350 suo
254 339 285 350 ore
296 334 342 354 loqui
354 335 446 351 contendit.
458 335 490 351 Cui
501 335 557 351 studio
568 335 635 350 inscitia
646 337 713 350 tantum
725 337 742 350 et

149 361 260 381 properantis
268 361 301 377 stili
313 361 396 377 velocitas
407 361 478 377 modum
489 361 558 377 faciunt.
570 361 631 377 Paucis
642 362 688 377 enim
699 362 742 377 locis

149 388 232 408 exeepn's,
241 388 270 403 ubi
277 392 322 408 quae
331 392 342 404 a
348 388 420 404 Valerio
428 391 527 408 sumpserat
536 388 605 408 proprio
614 388 684 408 ingenio
692 389 742 408 quasi

149 415 231 435 insignita
238 415 304 431 referre
312 415 328 431 ei
335 415 425 435 (πῆς-ίῳ)
430 416 448 431 in
453 415 554 431 universum
561 416 582 431 de
588 415 713 435 Epitomatoris
719 416 742 431 la-

149 442 221 458 boribus
225 442 242 458 in
246 442 381 462 Valeriopositis
385 442 430 458 male
436 442 520 458 existimo.
525 442 590 458 Contra
596 442 695 462 scriptorOi
700 442 741 458 nihil

149 470 184 485 tale
192 469 223 485 sibi
235 469 340 489 adsumpsit,
352 469 457 489 exemplaris
468 469 514 485 enim
521 469 596 489 vestigia
607 474 618 485 a
630 470 741 489 paragrapho

149 497 172 512 ad
183 497 319 516 paragraphum,
334 501 345 512 a
356 497 412 516 capite
426 497 448 512 ad
461 499 513 517 caput
524 496 568 512 mira
578 496 661 516 religione
673 496 741 516 pressit,

149 523 220 543 saepius
228 523 331 543 quibusdam
339 523 397 539 verbis
407 523 480 542 omissis,
488 523 516 539 hic
527 523 560 539 illic
571 523 629 543 aliqua
639 528 658 539 re
670 523 741 539 minoris

149 550 233 566 momenti
240 552 312 569 mutata,
319 550 380 566 iisdem
389 550 447 566 verbis
454 550 491 566 fere
499 554 569 570 semper
576 555 623 566 usus.
634 550 679 566 Fieri
689 550 741 570 igitur

148 582 183 593 non
192 579 254 597 potest,
262 580 281 593 ut
290 581 322 593 nos
333 577 408 592 eundem
419 577 521 597 scriptorem
533 581 563 593 eas
574 579 638 597 partes,
646 581 690 597 quas
701 581 741 593 cum

149 604 164 620 O
179 608 280 619 communes
293 604 346 619 habet
357 604 374 622 Z,
386 604 505 624 composuisse
518 607 535 619 et
548 608 583 623 eas,
598 608 643 624 quae
658 604 679 620 Oi
693 604 741 620 solus

149 631 224 650 exhibet,
239 631 370 651 transcripsisse
384 631 480 650 credamus,
498 631 545 651 quod
559 631 630 647 credere
645 635 678 647 nos
694 631 741 646 iubet

148 654 213 673 Paulus
224 657 289 677 Meyer.
300 658 384 678 Apparet,
395 658 461 678 opinor,
472 658 505 673 has
515 658 560 673 tertii
571 653 609 673 libri
621 660 686 678 partes,
697 662 741 678 quas

148 684 171 700 Oi
177 685 225 701 solus
233 685 290 703 habet,
297 685 318 701 ab
326 684 360 700 alio
367 684 405 700 viro
413 685 481 701 additas
489 689 533 700 esse.
544 685 572 700 An
580 687 598 701 tu
606 687 658 705 putas
666 685 740 701 eundem

149 712 286 732 epitomatorem,
298 716 337 727 cum
348 714 403 727 totum
414 711 451 727 fere
461 712 551 727 Valerium
562 712 581 727 in
591 712 662 727 brevius
673 714 740 727 contra*

149 739 209 758 xisset,
223 739 255 755 sub
269 739 323 755 finem
337 739 415 759 opusculi
429 739 486 754 subito
501 741 518 754 et
531 738 567 754 sine
578 739 641 754 idonea
652 743 707 754 causa
718 743 740 754 ex

148 766 211 782 eodem
222 768 247 782 tot
258 766 316 786 capita
326 768 394 782 tantum
404 770 439 781 non
450 766 472 781 ad
483 766 556 781 verbum
567 766 665 785 recepisse?
681 766 740 785 Neque

148 793 205 809 minus
216 793 253 808 iure
263 793 356 812 mirareris,
368 793 382 809 si
392 793 404 808 Z
412 798 434 808 ex
443 792 457 808 Ο
465 793 577 812 manavisset,
586 793 719 813 epitomatorem
727 793 741 808 Z

149 820 188 835 illos
195 820 248 839 locos,
257 820 319 840 quibus
327 820 341 835 Ο
350 820 425 836 maxime
436 820 458 835 ab
466 820 537 836 Valerio
545 819 615 839 recedit,
623 822 659 835 tarn
667 819 741 835 fideliter

149 849 166 862 et
174 847 211 862 sine
219 847 254 863 ulla
261 847 356 862 mutatione
365 847 503 866 conservavisse,
512 847 550 862 illos
558 849 623 865 contra,
629 846 691 866 quibus
698 846 713 861 O
721 851 740 862 se

148 874 235 889 artissime
243 874 266 889 ad
271 874 361 889 Valerium
369 873 425 893 ipsum
433 873 513 894 applicat,
520 878 581 889 omnes
588 873 656 889 silendo
663 875 740 893 praeter-

149 901 195 917 iisse.
203 901 238 917 Sed
243 901 282 916 sire
287 905 330 917 vera
335 901 352 916 in
356 900 406 916 tertio
411 900 455 916 libro
460 905 498 916 eam
503 900 583 916 interhas
589 902 624 916 tres
629 900 740 916 recensiones

149 928 257 943 intercedere
267 928 353 943 rationem
362 928 451 947 evicimus,
461 932 513 948 quam
524 929 616 943 stemmate
627 929 687 943 nostro
698 927 740 943 indi-

149 954 233 973 cavimus,
239 957 297 970 actum
303 957 330 970 est
336 955 388 970 etiam
396 955 417 970 de
425 955 511 974 prioribus
518 955 600 974 partibus.
608 955 652 970 Nam
660 954 698 970 fieri
705 959 740 970 non

149 983 211 1001 potest,
222 984 241 997 ut
251 981 268 997 in
279 981 313 997 alia
324 981 402 1001 opusculi
413 984 463 1001 parte
474 982 508 997 alia
520 982 565 997 ratio
575 982 675 997 intercedat.
686 991 706 992 j

203 1008 271 1024 Verum
277 1009 323 1024 enim
331 1013 373 1024 vero
381 1013 420 1024 cum
431 1013 453 1024 ex
462 1009 496 1024 hoc
506 1009 544 1029 ipso
554 1009 597 1024 libro
608 1009 672 1024 Paulus
680 1008 740 1028 Meyer

149 1036 206 1051 locum
214 1035 305 1055 protulerit
312 1035 384 1055 (Valerii
393 1035 426 1054 116,
434 1035 509 1054 23—117,
519 1036 529 1051 9
536 1035 558 1051 cf.
566 1038 619 1051 nostr.
626 1036 665 1051 edit.
671 1040 688 1055 p,
695 1035 715 1051 37
723 1038 740 1051 et

148 1062 180 1082 38),
189 1067 222 1082 quo
230 1062 318 1082 exscripto
326 1067 363 1078 rem
371 1067 403 1078 nos
411 1065 470 1078 tenere
478 1063 546 1082 clamat,
554 1062 676 1081 subsistamus,
684 1067 706 1078 ne
714 1066 740 1077 ce-

149 1090 202 1105 lerius
208 1090 320 1110 cupidiusque
327 1089 370 1105 tanti
378 1089 410 1105 viri
419 1089 541 1105 auctoritatem
549 1089 637 1109 respuisse
644 1089 739 1105 videamur*

204 1129 214 1145 1)
224 1128 300 1142 Conteris.
313 1128 324 1141 si
338 1128 374 1141 tanti
384 1130 411 1144 est,
421 1128 452 1141 νει.
461 1132 476 1145 p.
484 1129 512 1143 ier.
519 1129 585 1144 zia-1⁶3,
592 1132 608 1141 ω
619 1132 651 1141 curn
662 1127 697 1144 epit.
704 1128 737 1143 «8,,

149 1154 201 1167 fflsm
211 1153 236 1164 aur
245 1150 305 1166 Vatsu,
313 1151 382 1167 19—⁶⁴‚7
393 1154 426 1164 curn
436 1150 471 1167 epit*
479 1154 580 1167 22,2o—23,7,
593 1150 617 1163 ubi
630 1150 652 1163 vei
667 1150 739 1166 aptiorem

148 1173 254 1190 Epitomaioris
264 1173 363 1186 narrationem
373 1172 441 1190 equidem
451 1173 514 1186 dixerim
524 1177 567 1190 quam
577 1172 623 1189 ipsius
633 1172 691 1185 Valerii.
