3232 5114
688 397 888 458 -27-

29 615 64 666 p.
80 599 128 651 41
144 597 172 654 Z.
276 589 305 649 5.
342 586 432 665 [Val.
462 586 510 661 78,
540 585 581 662 2.]
624 586 722 647 Haec
757 596 860 664 atque
893 585 959 648 alia
998 587 1106 648 multa
1142 585 1380 649 Demosthene

139 707 174 760 10
192 701 428 772 prosequente
459 691 499 756 fit
535 709 726 754 consensus
759 692 911 756 omnium
943 693 1149 772 mittuntque
1177 691 1380 756 Alexandro

193 818 361 863 coronam
389 816 531 862 auream
558 817 621 878 per
646 799 794 863 eundem
816 801 1101 863 Demosthenem.
1137 800 1299 864 Profecta
1320 800 1380 863 ita-

193 925 262 988 que
283 907 412 986 legatio
435 907 581 970 offendit
601 925 722 988 regem
743 908 984 971 Alexandrum
1006 909 1098 987 apud
1118 909 1279 972 Plataeas
1302 909 1380 970 civi-

192 1025 303 1078 tatem
344 1014 563 1094 insinuatque
601 1016 767 1079 mandata
808 1017 1076 1095 suasionemque
1122 1017 1379 1079 Demosthenis.
1417 1023 1434 1075 5

192 1124 271 1186 Rex
306 1123 409 1203 igitur
448 1123 483 1184 in
517 1121 783 1185 benivolentiam
820 1140 944 1185 versus
984 1140 1067 1184 mox
1110 1123 1381 1186 Atheniensibus

138 1245 171 1298 15
191 1232 352 1295 rescribit
383 1231 479 1294 talia:
513 1229 728 1307 „Scriberem
761 1229 869 1306 vobis,
906 1248 927 1291 o
956 1230 1198 1307 Athenienses,
1236 1240 1273 1293 ut
1307 1248 1380 1292 rex.

192 1340 264 1404 Sed
296 1341 339 1403 ab
372 1340 439 1402 hac
471 1357 527 1402 me
560 1338 792 1418 appellatione
825 1337 1003 1416 cohibeb0,
1042 1339 1153 1400 donec
1184 1338 1278 1400 omni
1305 1339 1381 1400 bar·

191 1448 292 1511 baria
313 1447 451 1510 devicta
472 1447 528 1509 hic
544 1446 691 1509 effectus
706 1464 834 1526 graeco
850 1446 1010 1526 proficiat
1023 1445 1161 1509 nomini.
1185 1446 1273 1523 Quia
1289 1446 1380 1510 enim

191 1556 329 1635 pridem
354 1555 454 1618 vobis
484 1554 702 1634 scripseram,
739 1555 860 1616 decem
893 1564 1051 1616 oratores
1080 1564 1218 1617 vestros
1251 1554 1295 1618 ad
1323 1572 1379 1617 me
1400 1564 1433 1617 10

192 1662 368 1738 destinari,
405 1663 498 1743 quod
529 1680 651 1724 eorum
683 1663 785 1741 culpa
819 1661 1103 1741 inobsequentiae
1137 1662 1378 1740 argueremini,

132 1783 172 1837 20
191 1772 316 1834 scitote
337 1790 405 1833 non
430 1789 471 1833 eo
493 1788 549 1832 me
564 1770 656 1832 istud
671 1769 813 1832 consilio
829 1769 953 1848 egisse,
976 1787 1044 1848 quo
1059 1769 1250 1848 potentiam
1264 1787 1379 1832 meam

190 1881 227 1942 in
250 1897 320 1955 eos
344 1896 491 1959 quorum
513 1878 699 1957 disciplinis
722 1896 798 1940 sum
820 1878 982 1954 imbutus,
1010 1877 1159 1956 experiri
1180 1879 1320 1954 vellem,
1351 1877 1380 1939 si

192 1987 285 2050 enim
307 1986 342 2049 id
361 1986 456 2049 facto
479 2004 567 2065 opus
590 1995 692 2061 esset,
721 1985 838 2065 utique
867 2002 936 2047 una
958 2003 1037 2047 cum
1059 1985 1214 2047 exercitu
1242 1985 1379 2047 martio-

192 2112 261 2174 que
282 2104 416 2156 terrore
439 2095 483 2156 ad
504 2094 642 2156 moenia
663 2102 783 2156 vestra
804 2093 1108 2156 transcendissem.
1131 2093 1200 2156 Sed
1215 2092 1378 2173 quoniam
1399 2103 1432 2155 15

190 2204 283 2265 haec
305 2202 489 2265 ostentatio
518 2201 654 2264 hostica
682 2211 716 2263 et
744 2201 882 2263 inimica
911 2212 972 2277 est,
1000 2201 1128 2263 idcirco
1158 2201 1380 2280 prudentissi-

129 2325 169 2377 25
190 2327 270 2372 mos
300 2320 455 2373 vestrum
483 2310 669 2372 convenire
698 2310 869 2390 colloquio
897 2327 976 2372 meo
1005 2309 1120 2385 malui,
1153 2317 1190 2371 ut
1219 2326 1298 2371 cum
1326 2309 1379 2371 his

190 2417 387 2480 communis
410 2417 582 2481 commodi
603 2418 679 2481 iura
700 2419 961 2492 tractarentur.“

275 2527 303 2588 6.
326 2525 416 2604 [Val.
438 2525 487 2602 80,
510 2525 571 2602 28.]
600 2525 687 2588 Cum
715 2526 804 2588 haec
832 2535 936 2605 atque
965 2525 1032 2588 alia
1057 2527 1167 2588 multa
1189 2544 1252 2589 rex
1275 2527 1380 2589 Athe-

189 2633 369 2696 niensibus
390 2633 638 2712 respondisset,
662 2635 808 2695 collecto
831 2633 924 2695 omni
941 2633 1095 2696 exercitu
1111 2633 1379 2698 Lacedaemona
1399 2642 1433 2698 20

31 2747 116 2826 p.'42
134 2755 166 2808 Z.
189 2741 372 2822 profectus
401 2751 463 2805 est.
499 2741 713 2804 Adventanti
740 2741 843 2821 igitur
865 2742 1000 2804 obiecta
1022 2751 1102 2804 sunt
1131 2744 1380 2822 claustra-por-

190 2861 318 2925 tarum,
351 2852 569 2928 classemque
601 2849 707 2912 armis
740 2859 773 2913 et
805 2849 968 2912 militibus
999 2850 1204 2913 instruxere.
1249 2850 1380 2927 Quibus

189 2976 258 3020 rex
293 2957 480 3036 compertis
523 2957 641 3019 scribit
682 2959 727 3020 ad
761 2975 832 3033 eos
885 2958 935 3021 uti
969 2958 1051 3020 boni
1086 2959 1321 3034 consulerent¹
1347 2967 1381 3020 et

189 3066 341 3129 navibus
370 3067 542 3129 derelictis
571 3068 745 3147 armisque
774 3069 916 3142 amissis
946 3067 1117 3130 amicitiae
1152 3083 1237 3129 suae
1265 3065 1379 3145 potius

148 3188 301 3254 aquam
342 3192 519 3237 armorum
562 3185 727 3254 caperent
774 3176 1060 3254 experimentum.
1118 3174 1283 3254 Acceptis
1325 3175 1379 3236 his
1398 3181 1432 3234 25

193 3348 324 3416 latque]
351 3349 446 3416 itaque
467 3367 484 3402 u
518 3349 521 3420 l
574 3349 805 3417 8appellatione
824 3347 911 3401 meO
947 3348 950 3413 t
1003 3347 1140 3400 choibebo
1165 3347 1186 3400 0
1211 3347 1329 3399 coibebo
1354 3348 1379 3398 M

192 3437 314 3491 cohibeo
336 3441 375 3507 βΙ
411 3440 456 3496 xta
476 3440 625 3493 barbarica
645 3436 708 3506 ubi
750 3439 780 3491 11
801 3437 1010 3490 inobedientiae
1029 3437 1083 3503 Ml
1120 3435 1152 3488 12
1172 3437 1256 3505 istud]
1283 3436 1311 3488 id
1331 3433 1379 3504 O}

194 3529 228 3581 15
240 3529 525 3595 conscendissemOt
562 3529 594 3583 16
605 3529 746 3595 hostiaSt
776 3529 810 3582 18
824 3527 963 3581 commodi
977 3528 1078 3593 omui
1107 3527 1142 3578 20
1154 3525 1380 3579 Lacedaemonia

192 3621 219 3686 (i
242 3622 326 3685 aas.)
346 3621 416 3672 M.—
437 3621 470 3673 21
492 3619 566 3687 sunt]
591 3619 643 3672 suit
662 3618 684 3672 0
706 3617 709 3689 Α
749 3619 783 3670 22
798 3622 981 3671 construxere
1001 3616 1039 3686 αΙ
1073 3615 1107 3668 24
1128 3614 1278 3683 derelictis]
1303 3616 1378 3682 Epa.

193 3711 280 3776 codd,
294 3726 364 3764 corr.
380 3727 413 3761 en
429 3710 510 3776 Vah}
550 3709 662 3763 amissis
676 3709 751 3776 Epir.
767 3709 840 3760 codd.
855 3707 989 3775 depositis
1010 3707 1153 3772 tenendum
1174 3711 1232 3756 erut
1252 3722 1312 3756 cum
1331 3706 1353 3759 V
1375 3705 1377 3774 t

193 3943 361 4018 prudentia
381 3943 558 3999 exstitimus
581 3942 730 4015 potiores
754 3942 844 3999 Nunc
867 3949 972 3997 autem
993 3941 1086 3997 video
1107 3959 1146 3997 ne
1162 3941 1237 3996 illud
1253 3940 1380 4012 quidem

193 4042 378 4099 Alexandro
400 4043 523 4113 deesse,
560 4059 622 4112 quo
646 4059 663 4097 a
686 4041 777 4098 nobis
798 4042 924 4097 Xerxes
947 4040 1083 4112 potuerit
1106 4040 1256 4112 superari.
1290 4022 1398 4096 Haec'

193 4151 290 4214 atque
313 4141 372 4196 alia
394 4140 490 4196 multa
511 4139 725 4199 Demosthene
748 4146 961 4212 prosequente
984 4138 1018 4195 fit
1039 4155 1213 4195 consensus
1233 4138 1378 4208 omnium,

194 4241 402 4311 decernitque
424 4238 608 4296 Alexandro
630 4238 814 4295 mittendam
837 4254 985 4294 coronam
1008 4254 1134 4293 auream
1159 4235 1265 4309 pondo
1291 4237 1379 4307 quin-

148 4340 356 4426 55quaginta.

194 4501 208 4554 1
230 4500 389 4555 exstitimus
409 4517 457 4552 om.
479 4500 500 4554 V
517 4501 520 4567 Ι
556 4503 572 4552 6
592 4503 687 4553 tamen
707 4497 833 4566 intelligo
853 4498 990 4565 videoque
1010 4497 1032 4550 V
1049 4496 1053 4567 Ι
1089 4499 1102 4547 l
1123 4495 1260 4549 mittenda
1274 4511 1379 4548 corona

193 4607 283 4645 aurea
303 4589 324 4643 Ο
345 4587 349 4660 ‘j
