3232 5114
755 375 953 438 „30-

131 575 203 644 pli
216 575 244 628 Z.
265 566 404 626 alveum
425 544 600 627 locaretur
621 573 655 626 et
677 564 865 627 adventum
879 564 1110 627 Macedonum
1131 573 1360 643 exspectaret,
1383 581 1448 626 nec

265 671 425 735 dubitans
461 673 662 735 Alexander
695 673 865 735 instructa
899 673 972 736 acie
1009 672 1134 734 obiecit
1168 690 1247 735 sese
1280 674 1447 737 hostibus.

266 780 468 859 Coeptoque
497 780 660 842 conflictu
687 779 905 858 ferventique
933 798 971 842 re
1004 780 1128 842 bellica
1154 797 1244 844 unus
1280 800 1299 843 e
1331 782 1448 846 Persis

211 899 246 951 20
264 886 402 949 indutus
432 886 664 950 Macedonicis
693 886 798 949 armis
831 905 852 948 a
878 896 978 967 tergo
1012 887 1251 950 Alexandrum
1278 887 1448 950 infestans

264 993 352 1056 ierit.
394 994 463 1057 Sed
498 995 601 1057 ictus
620 995 676 1058 ille
710 1005 854 1074 propter
889 997 1012 1075 galeae
1047 994 1283 1080 fortitudinem
1318 995 1450 1058 trustra
1488 1006 1504 1056 ι’)

132 1130 157 1182 p.
168 1113 203 1167 45
216 1113 245 1168 Ζ,
265 1101 403 1164 habitus
429 1101 575 1165 dissiluit
600 1102 851 1182 confestimque
881 1103 925 1166 ad
947 1103 1313 1182 comprehendendum
1334 1102 1449 1166 virum

265 1210 431 1272 satellites
466 1222 655 1290 properant
690 1211 832 1291 regique
868 1230 947 1276 eum
983 1212 1143 1275 oiierunt.
1203 1212 1236 1274 A
1268 1229 1336 1291 quq
1369 1229 1448 1274 cum

265 1317 466 1381 Alexander
487 1319 688 1398 requisisset
710 1338 836 1383 causas
857 1321 958 1383 huius
979 1319 1071 1397 tacti,
1095 1321 1155 1383 ait:
1184 1321 1356 1398 „Primum
1379 1321 1449 1400 qui-

265 1425 353 1520 dem,
387 1445 407 1488 0
435 1427 643 1500 Alexander,
673 1428 764 1491 scias
793 1446 849 1490 me
875 1447 944 1491 non
971 1447 1015 1490 ex
1037 1447 1182 1492 numero
1204 1438 1344 1492 tuorum
1365 1429 1449 1491 mili-

229 1543 246 1596 5
265 1543 338 1596 tum
360 1552 452 1613 esse,
476 1536 653 1598 enimvero
668 1537 785 1611 Persa,
808 1537 1019 1600 vestratibus
1042 1537 1147 1600 armis
1168 1537 1317 1613 indutus,
1341 1537 1448 1616 digni·
1469 1542 1506 1595 10

265 1652 372 1705 tatem
397 1643 594 1706 huiusmodi
620 1645 714 1723 apud
735 1643 881 1706 Darium
902 1653 1025 1722 pactus
1048 1662 1135 1720 sum,
1162 1653 1208 1720 ut,
1240 1645 1269 1706 si
1291 1653 1325 1706 te
1347 1645 1449 1707 inter-

264 1751 435 1821 fecissem,
447 1761 583 1830 partem
595 1752 694 1830 regni
706 1751 778 1813 eius
788 1769 867 1813 cum
874 1750 946 1817 filia
955 1752 999 1814 ad
1008 1751 1204 1830 coniugium
1211 1769 1447 1830 promererer;

265 1875 354 1937 quae
369 1859 526 1937 proiecto
542 1858 675 1932 fierent,
691 1859 757 1921 nisi
775 1869 891 1921 tecum
906 1858 1047 1921 fortuna
1061 1858 1173 1937 magis
1190 1877 1294 1938 quam
1309 1877 1448 1922 mecum

265 1966 446 2028 stetisset.“
471 2001 507 2010 —-
537 1966 600 2028 His
631 1967 833 2029 Alexander
865 1967 989 2029 auditis
1020 1965 1183 2046 promissi
1214 1976 1247 2029 et
1279 1967 1447 2029 audaciae

137 2107 140 2118 ·
212 2079 246 2134 10
264 2074 443 2136 laudatum
466 2074 511 2135 ad
531 2073 672 2152 propria
693 2073 807 2135 redire
829 2073 1009 2135 concessit.
1469 2080 1505 2132 15
1608 2111 1609 2116 κ

349 2182 394 2244 13.
445 2181 579 2244 Deinde
615 2182 761 2243 collecta
795 2181 1036 2243 innumerabili
1070 2181 1286 2244 multitudine
1318 2181 1449 2243 exerci-

264 2296 361 2350 tuum
382 2288 452 2351 iam
467 2289 609 2368 propius
625 2289 781 2363 accessit,
805 2290 893 2351 adeo
915 2299 952 2351 ut
974 2289 1079 2351 etiam
1100 2289 1133 2351 in
1157 2299 1346 2369 conspectu
1367 2289 1447 2351 Per-

265 2413 382 2458 sarum
399 2397 577 2460 assideret.
610 2398 811 2460 Adventum
826 2415 963 2477 quoque
978 2415 1079 2459 suum
1095 2397 1206 2476 primo
1221 2396 1269 2459 ita
1283 2395 1446 2475 prodidit:

265 2512 388 2565 coacta
403 2503 528 2585 quippe
548 2505 583 2567 in
604 2524 711 2569 unum
725 2506 964 2568 innumerabili
978 2505 1193 2568 multitudine
1209 2514 1447 2568 armentorum

212 2618 244 2670 15
265 2613 512 2690 comprehendi
532 2613 627 2675 iubet
648 2591 837 2693 eorumque
852 2613 1013 2676 cornibus
1036 2622 1071 2675 et
1090 2613 1209 2676 caudis
1223 2631 1340 2675 ramos
1355 2611 1448 2675 fron·
1467 2619 1504 2671 20

265 2719 386 2782 dentes
415 2721 561 2796 adnecti,
593 2730 776 2800 utrumque
804 2721 966 2797 imitatus
999 2732 1036 2784 ut
1065 2731 1099 2782 et
1127 2721 1288 2784 cornibus
1320 2720 1446 2783 erectis

263 2828 460 2891 silvestrem
482 2831 656 2908 quandam
679 2830 832 2909 speciem
854 2839 999 2909 agerent
1021 2840 1056 2892 et
1075 2829 1195 2891 tractis
1215 2828 1366 2905 ramulis
1388 2828 1446 2906 qui

262 2935 297 2996 in
323 2936 442 2998 caudis
469 2935 678 3014 ferebantur,
705 2938 819 3016 pulvis
842 2936 975 2999 excitus
997 2936 1247 2999 dinoscentiam
1268 2935 1342 2998 veri
1364 2935 1444 2997 emi·

262 3059 327 3104 nus
357 3042 578 3106 confudisset.
628 3045 681 3106 Ex
712 3045 779 3106 hoc
810 3047 954 3124 pulvere
986 3045 1181 3123 nebulaque
1213 3043 1446 3122 obstupefacti

262 3249 459 3318 2010660111
498 3251 762 3319 110165110003111
801 3253 935 3320 nguleae
955 3253 999 3321 Sl
1037 3252 1172 3306 6disiliit
1190 3253 1242 3319 Ml
1289 3253 1445 3305 7oiierunt

262 3342 286 3402 (t
305 3339 399 3404 er·.)O
428 3339 432 3409 1
478 3341 630 3393 8causam
651 3342 676 3393 11
706 3339 710 3411 1
759 3342 792 3394 13
817 3343 883 3409 quid
907 3343 1031 3409 proiecto
1055 3342 1172 3394 fieretc
1201 3340 1204 3412 1
1253 3342 1286 3394 14
1309 3340 1444 3409 stetisset]

262 3428 361 3482 fuisset
382 3431 425 3494 01
467 3430 499 3482 15
519 3430 688 3484 laudabilem
710 3429 752 3500 αΙ
792 3431 873 3491 16120
893 3433 1066 3485 exercituum
1086 3449 1170 3499 usque
1189 3433 1226 3482 ad
1245 3429 1444 3497 comprehendi

262 3534 310 3568 om.
332 3518 353 3570 Ο
371 3518 374 3584 Ι
410 3519 490 3577 17119
510 3519 567 3573 iarn
587 3537 670 3586 neque
690 3522 728 3570 001
740 3525 931 3574 armentorum
945 3524 976 3574 in
985 3540 1051 3589 pay.
1066 3522 1136 3573 culce
1149 3521 1175 3572 M
1192 3522 1195 3587 1
1233 3519 1309 3578 16117
1325 3519 1444 3573 collecta

261 3624 345 3674 osque
359 3609 394 3658 ad
408 3609 583 3661 exercituum
595 3611 664 3660 delet
677 3610 870 3663 Reitzenstein
888 3613 891 3678 1
926 3611 958 3663 17
974 3612 1003 3663 in
1017 3615 1170 3678 conspectu
1185 3626 1235 3664 om.
1251 3629 1268 3663 α
1285 3610 1288 3676 1
1325 3608 1357 3661 19
1372 3609 1441 3661 mul-

262 3696 373 3750 titudini
394 3696 412 3749 S
430 3696 433 3766 1
469 3698 503 3748 20
523 3698 732 3764 comprehende
752 3696 789 3766 01

260 3977 389 4040 pontem
418 3968 511 4024 iubet.
549 3968 641 4041 Quod
671 3986 742 4025 curn
771 3970 930 4025 exercitus
960 3970 1123 4027 universus
1153 3972 1363 4046 indignantius
1390 3993 1442 4032 ac-

261 4067 408 4138 cepisset,
422 4067 489 4139 ipse
501 4076 604 4123 tamen
618 4085 725 4124 secum
736 4075 885 4138 reputans
897 4064 974 4146 [val.
989 4070 1035 4139 86,
1046 4067 1106 4143 27],
1123 4078 1156 4126 ut
1167 4071 1192 4126 si
1206 4071 1285 4128 forte
1297 4072 1441 4147 ignaviae

261 4173 313 4220 aut
335 4173 436 4221 metus
458 4167 625 4221 occasione
649 4166 768 4222 reditus
790 4167 1011 4237 requireretur,
1039 4168 1132 4241 longe
1156 4170 1222 4225 iore
1245 4172 1354 4227 melius
1378 4171 1440 4229 iilic

260 4264 449 4320 occumbere
487 4264 622 4337 gloriose
659 4281 752 4335 quam
788 4271 859 4334 post
892 4281 1005 4321 nomen
1037 4266 1186 4324 victoriae
1220 4269 1441 4340 praecedentis

208 4373 241 4425 10
261 4362 486 4419 dedecorosius
509 4363 657 4419 evasisse.
1463 4377 1501 4432 10

260 4569 276 4620 6
296 4569 379 4636 quod]
400 4569 428 4622 id
447 4568 487 4640 111
527 4571 541 4621 7
563 4569 691 4637 ignavius
712 4570 750 4636 Vp
767 4566 771 4637 1
806 4566 823 4620 8
843 4573 891 4622 aut
910 4572 1001 4623 metus
1022 4572 1172 4626 occasione
1192 4591 1240 4627 om.
1261 4574 1300 4644 Vp
1317 4575 1321 4643 1
