3232 5114
748 435 780 442 -
818 403 905 456 XXVI
944 435 977 442 -

272 585 311 641 ad
333 585 466 657 primum
495 585 645 657 impetum
674 584 1047 655 iamdeficeret,manus“.
1079 589 1218 643 manus“.

272 693 471 765 deficeretur,
505 696 643 748 manus“.
1062 721 1064 764 l

379 798 490 874 „lam“
519 797 679 860 vocabuli
707 797 843 860 iteratio
871 798 965 859 hand
996 797 1068 861 scio
1101 818 1146 860 an
1177 799 1301 861 indicio
1335 799 1378 860 sit
1412 797 1455 860 Oi

272 895 477 982 scriptorem
498 913 533 966 et
554 904 695 969 Valerio
719 914 753 967 et
776 902 927 985 epitoma
948 906 974 967 Z
996 923 1098 967 usum
1121 924 1208 968 esse.

311 1013 378 1070 Val.
394 1025 449 1082 93:
714 1015 742 1072 O
766 1030 811 1086 32.
1118 1015 1139 1070 Z
1157 1029 1203 1087 32,

313 1120 425 1193 „Quod
454 1122 506 1178 ubi
540 1141 557 1178 a
590 1123 644 1178 mi·
715 1122 910 1196 „Quodcum
924 1122 1048 1180 Darioa
1119 1123 1231 1196 „Quod
1245 1121 1454 1180 cumDarioa

272 1229 374 1286 nistris
401 1230 467 1304 regi
495 1237 542 1286 est
568 1229 645 1285 indi·
674 1231 819 1286 ministris
849 1230 1047 1300 indicaretur,
1077 1230 1224 1286 ministris
1252 1229 1453 1301 indicaretur,

271 1345 382 1406 catum,
415 1337 567 1393 incertum
613 1337 644 1392 id
673 1337 839 1410 prosiliens
869 1338 920 1394 ille
943 1338 1047 1394 furore
1077 1337 1242 1409 prosiliens
1271 1335 1321 1393 ille
1349 1338 1452 1394 lurore
1482 1383 1486 1392 .

273 1442 459 1500 damnumne
496 1462 535 1500 an
570 1461 644 1501 con·
673 1445 784 1518 plenus
806 1453 890 1502 ratus
914 1445 944 1501 id
963 1446 1048 1502 dam·
1077 1444 1197 1517 plenus
1250 1444 1362 1518 ,Quid‘,
1410 1447 1454 1502 in-

270 1551 429 1608 tumeliam
444 1561 528 1608 ratus
547 1552 644 1608 1115111-
674 1569 747 1607 num
768 1552 807 1608 ad
828 1552 1047 1609 contumeliam
1077 1552 1172 1623 quit“.

271 1675 412 1732 gensque
441 1658 552 1716 Darius
577 1619 755 1730 ,Ec-'sieri
783 1658 895 1732 ,Quid‘,
919 1661 1046 1732 ioquit“.

271 1766 365 1837 quid‘,
389 1766 515 1838 inquit“.

378 1873 432 1935 De
458 1872 576 1934 furore
603 1871 696 1952 regis
717 1871 801 1935 nihil
828 1873 908 1935 dicit
930 1874 1103 1949 Valerius
1131 1882 1235 1952 atque
1261 1875 1353 1935 hanc
1375 1891 1451 1936 rem

269 1979 407 2042 facilius
429 1997 450 2041 a
472 1978 497 2040 Z
520 1996 623 2057 quam
646 1978 689 2040 ab
711 1978 741 2040 O
764 1978 882 2042 fictam
905 1980 1096 2042 credemus.
1123 1979 1152 2041 Ο
1171 1980 1361 2058 nihilfecit,
1387 1981 1452 2043 nisi

265 2087 370 2166 quod,
403 2096 441 2149 ut
473 2104 614 2149 causam
647 2086 773 2148 furoris
806 2086 957 2161 adderet,
985 2087 1110 2149 leviter
1129 2086 1311 2149 immutata
1343 2088 1453 2150 verba

268 2195 402 2258 Valerii
424 2203 539 2272 „ratus
553 2194 589 2257 id
604 2193 768 2256 damnum
790 2194 835 2255 ad
857 2173 1102 2256 contumeliam
1122 2194 1219 2256 fieri‘
1235 2195 1452 2273 interposuit.

269 2304 434 2365 Fortasse
456 2304 525 2364 iam
546 2302 582 2364 in
603 2302 723 2365 codice
744 2300 877 2362 Valerii
899 2318 969 2362 non
991 2319 1039 2362 cm
1062 2302 1124 2363 sed
1146 2283 1403 2368 adinvenerat.

376 2413 478 2475 Addo
504 2411 606 2490 primi
629 2410 706 2473 libri
732 2412 846 2472 locum
867 2409 1175 2488 corruptissimum,
1203 2424 1307 2490 quem
1332 2421 1452 2475 tamen

269 2522 442 2599 quomodo
464 2520 682 2598 Epitomator
703 2517 835 2597 legerit,
858 2518 952 2579 haud
973 2516 1075 2579 facile
1097 2518 1240 2581 dixeris:

309 2631 377 2687 Val.
397 2644 492 2701 11,10
507 2629 537 2706 (e
551 2629 642 2686 codd.
715 2626 751 2685 O.
1118 2628 1189 2699 Zp,
1201 2646 1228 2700 4.

271 2736 396 2814 Vth).
715 2733 827 2790 servile
900 2733 1049 2804 quiddam
1118 2736 1230 2793 servile
1242 2736 1391 2808 quiddam
1404 2736 1451 2815 (M

311 2845 423 2902 servile
496 2844 644 2916 quiddam
673 2841 892 2914 captivumque
923 2849 1049 2912 porten-
1078 2843 1094 2916 β
1118 2842 1246 2900 Zacheri
1270 2845 1361 2915 HBR,
1385 2864 1449 2902 ser-

269 2953 408 3028 (quidam
453 2950 505 3028 Vt)
548 2951 644 3022 capti·
672 2957 737 3005 tum
760 2956 865 3005 natum
889 2949 933 3005 iri.
1076 2949 1168 3006 vilem
1191 2951 1318 3022 quidem
1338 2953 1381 3011 So
1396 2953 1453 3010 Za-

270 3077 404 3132 vumque
418 3067 580 3132 potentum
592 3075 644 3113 na·
1076 3058 1161 3114 cheri
1189 3057 1318 3137 Lapa)
1355 3062 1453 3132 capti-

269 3176 334 3223 tum
357 3167 401 3224 iri.
1075 3183 1211 3237 vumque
1248 3165 1332 3222 illum
1364 3166 1452 3242 (illud

658 3278 660 3346 l
1061 3271 1206 3347 lZacheri
1236 3272 1271 3349 B)
1307 3274 1451 3332 futurum.

377 3379 468 3443 Nihil
497 3379 656 3458 equidem
686 3377 754 3438 hoc
785 3393 829 3438 ex
855 3377 932 3438 loco
960 3378 1170 3455 collegerim.
1213 3379 1333 3459 Neque
1361 3379 1453 3442 enim

270 3489 396 3550 desunt
421 3487 497 3564 loci,
521 3502 608 3564 quos
634 3484 663 3546 si
692 3501 710 3544 e
733 3500 824 3545 nexu
851 3502 915 3546 suo
942 3486 1069 3561 solvas
1091 3504 1162 3548 non
1184 3486 1297 3550 minus
1318 3487 1452 3565 Meyeri

270 3613 373 3674 quam
395 3613 494 3656 meae
517 3591 668 3672 opinioni
694 3590 815 3652 favere
838 3590 975 3653 dixeris,
998 3592 1168 3672 Exempla
1189 3595 1265 3673 ipse
1288 3594 1450 3656 aiteram:

310 3705 377 3762 Val.
714 3697 751 3757 O.
1117 3703 1148 3760 Z.

310 3830 358 3884 44,
395 3829 428 3883 4:
472 3813 643 3888 „iuniorem
717 3818 761 3877 17,
779 3820 830 3877 23:
854 3807 1048 3882 „secundum
1120 3823 1164 3881 17,
1182 3825 1234 3880 23:
1259 3811 1452 3882 „secundum

269 3920 488 3977 sesonchosim
520 3921 643 3992 praedi.
673 3914 889 3971 sesonchosim
925 3917 1048 3988 praedi·
1077 3911 1283 3974 sesonchosin
1325 3919 1450 3976 venisse

271 4032 409 4086 cantes“.
674 4026 811 4077 cantes“.
892 4019 894 4026 ’
1076 4025 1238 4082 dicentes“
1261 4025 1364 4103 (deest
1378 4027 1431 4102 M).

314 4179 644 4252 104,5:„sedidAle-
715 4182 1048 4256 35add.7-9„quod
1119 4198 1165 4257 37,
1204 4185 1297 4257 7—8:
1343 4189 1453 4259 „quod

270 4289 391 4345 xandro
420 4288 499 4345 ultra
526 4289 645 4362 opinio·
674 4289 715 4345 illi
752 4289 832 4347 ultra
868 4291 1049 4363 opinionem
1078 4292 1119 4348 illi
1156 4292 1236 4349 ultra
1271 4295 1452 4368 opinionem

271 4414 327 4453 nes
343 4397 480 4452 omnium
494 4395 598 4453 flebile
614 4403 645 4453 et
673 4397 810 4453 omnium
860 4395 964 4454 flebile
1018 4404 1049 4454 et
1078 4399 1254 4457 luctuosum
1276 4401 1361 4458 iuit“.

271 4504 446 4560 luctuosum
477 4504 645 4561 admodum
673 4505 848 4561 luctuosum
869 4504 953 4560 suit“.

268 4611 356 4668 suit“.
