3232 5114
733 477 764 483 —
804 443 897 496 XVIII
935 477 970 484 —-

257 627 312 688 hic
333 625 496 688 Valerius
524 624 659 704 plenior
680 633 832 686 aetatem
853 643 923 687 non
946 626 1030 688 tulit.
1068 625 1169 703 Quod
1191 643 1275 686 vero
1298 625 1344 687 ad
1365 625 1441 687 reli—

256 752 344 812 quas
366 743 484 813 partes
506 733 638 808 attinet,
666 732 778 811 primo
800 715 922 795 obtutu
944 734 1103 796 videmus
1129 734 1205 795 illas
1228 733 1441 795 adverbum

248 859 337 903 cum
357 841 500 903 Valerio
522 839 681 902 uberiore
704 842 939 920 congruere.1)
981 840 1097 919 Atque
1127 859 1171 903 ex
1197 841 1356 903 omnibus
1385 839 1440 902 his

258 948 343 1010 locis
363 947 517 1010 concedo
539 947 731 1026 adMeyeri
753 947 949 1027 opinionem
972 949 1197 1011 refellendam
1220 957 1278 1010 aut
1298 947 1342 1010 ad
1363 966 1441 1009 nos—

257 1066 348 1119 tram
370 1055 611 1118 stabiliendam
633 1074 703 1118 non
725 1058 871 1118 multum
893 1058 982 1119 sumi
1003 1075 1116 1135 posse.
1139 1056 1206 1118 Pro
1227 1064 1322 1118 certo
1339 1056 1440 1131 enim,

257 1182 301 1226 ne
324 1164 456 1226 fumum
478 1164 630 1226 vendere
652 1163 782 1239 videar,
805 1165 846 1226 de
869 1164 922 1227 his
945 1164 1083 1243 quidem
1105 1164 1190 1226 locis
1212 1163 1336 1225 saltem
1356 1163 1441 1226 nihil

253 1271 406 1334 affirmo.
450 1272 527 1334 Hoc
558 1289 664 1334 unum
696 1271 953 1334 animadvertas
985 1271 1089 1333 velim
1121 1281 1195 1333 tota
1225 1271 1260 1332 in
1290 1271 1442 1350 epitoma

259 1388 398 1459 praeter
426 1380 520 1441 illam
547 1378 720 1441 CandaciS
748 1396 932 1441 munerum
961 1379 1266 1454 enumerationem,
1290 1396 1378 1458 quae
1406 1379 1442 1440 in

260 1487 346 1548 libro
362 1487 463 1550 tertio
480 1488 523 1565 (p.
540 1486 592 1565 42)
608 1486 743 1566 legitur,
760 1504 803 1548 ne
820 1504 926 1549 unum
941 1487 1081 1565 quidem
1096 1497 1129 1548 te
1144 1486 1301 1548 invenire
1315 1488 1440 1560 locum,

255 1595 317 1673 -qui
340 1594 545 1656 adverbum
561 1612 640 1656 curn
652 1594 794 1656 Valerio
810 1594 1014 1670 consentiat,
1037 1594 1123 1657 tanti
1139 1593 1299 1670 ambitus
1322 1594 1441 1672 quanti

251 1710 313 1764 est
334 1702 390 1763 ille
413 1703 447 1763 in
463 1700 492 1763 O
508 1719 539 1780 p.
552 1700 591 1762 22
607 1702 652 1778 (=
667 1701 745 1763 Val.
760 1702 821 1778 59).
844 1701 945 1778 Quod
965 1702 1034 1763 iam
1057 1702 1291 1779 suspicionem
1312 1709 1441 1776 movet,

260 1811 350 1872 hanc
379 1811 503 1871 saltem
524 1818 660 1887 partem
682 1827 751 1871 non
773 1810 815 1871 ab
839 1811 962 1872 eodem
989 1809 1167 1888 scriptore,
1200 1809 1257 1888 qui
1280 1809 1305 1871 Z
1327 1807 1441 1871 conie-

251 1917 353 1992 cerit,
381 1935 424 1978 ex
445 1917 589 1979 Valerio
619 1906 697 1978 esse
726 1928 936 1996 excerptam.
979 1917 1124 1980 Accedit
1154 1919 1246 1995 quod
1269 1928 1302 1979 et
1324 1916 1358 1978 in
1380 1917 1441 1993 eis,

250 2041 349 2104 ·-·quae
364 2024 455 2085 hunc
470 2025 584 2086 locum
607 2024 824 2100 antecedunt,
848 2034 883 2086 et
903 2025 937 2086 in
960 2024 1019 2100 eis,
1042 2042 1130 2103 quae
1147 2043 1225 2086 eum
1241 2033 1441 2103 sequuntur,

261 2133 369 2193 multa
390 2131 425 2192 in
447 2130 472 2192 Z
494 2149 557 2210 pro
580 2130 718 2193 libidine
740 2141 874 2194 mutata
902 2141 991 2194 sunt.
1001 2134 1025 2208 2)
1061 2132 1181 2211 Neque
1209 2133 1291 2226 mibi
1320 2134 1443 2211 proba-

260 2241 328 2302 bile
344 2239 520 2302 videretur
534 2240 808 2318 Epitomatorem
825 2241 858 2316 Z,
883 2259 961 2303 cum
976 2251 1086 2303 totum
1108 2242 1182 2303 fere
1198 2240 1443 2318 exscripsisset

252 2347 418 2410 codicem
433 2345 472 2422 Ο,
495 2347 586 2409 hunc
609 2364 714 2409 unum
737 2349 860 2421 locum,
883 2366 950 2426 quo
973 2367 1029 2410 res
1051 2347 1280 2427 gravissimae
1302 2365 1442 2410 narran-

252 2463 325 2528 tur,
349 2454 517 2530 omisisse,
540 2455 747 2533 praesertim
762 2474 841 2518 cum
856 2456 891 2518 in
906 2455 1195 2534 praecedentibus
1211 2457 1335 2531 omnia,
1352 2474 1441 2534 quae

252 2562 307 2623 ad
323 2560 567 2640 Olympiadem
584 2562 766 2640 pertinent,
789 2561 900 2624 fusius
923 2572 957 2624 et
978 2563 1344 2626 accuratius-tractata
1365 2563 1443 2626 sint.

255 2669 310 2731 ,At
339 2669 463 2731 dixerit
489 2669 667 2748 quispiam,
698 2670 727 2731 si
749 2670 966 2748 Epitomator
993 2669 1028 2731 in
1058 2669 1210 2748 epitoma
1236 2688 1280 2732 ex
1301 2671 1443 2734 Valerio

263 2776 479 2839 conficienda
514 2777 604 2840 hanc
641 2778 874 2840 narrationem
908 2777 1185 2857 praetermittere
1221 2778 1341 2856 potuit,
1374 2796 1444 2840 non

264 2903 351 2959 esse,
368 2902 429 2946 cur
443 2904 513 2947 non
526 2885 618 2947 idem
632 2885 748 2948 facere
764 2894 892 2965 posset,
909 2886 938 2946 si
953 2886 1150 2965 epitomem,
1173 2895 1210 2948 ut
1224 2889 1299 2949 vult
1313 2887 1443 2964 Meyer,

256 3011 308 3054 ex
330 2993 359 3056 O
383 2993 645 3073 composuisset.
678 2994 801 3056 Audio.
835 2993 1018 3056 Sedaliud
1040 3002 1102 3068 est,
1125 2993 1154 3054 si
1174 2994 1211 3055 in
1225 2983 1367 3056 Valerio
1388 3011 1443 3055 ex-

254 3103 448 3180 cerpendo,
471 3101 564 3164 aliud
580 3102 608 3164 si
624 3101 659 3164 in
675 3102 703 3164 O
721 3083 949 3164 exscribendo
971 3103 1062 3164 hunc
1085 3104 1199 3164 locum
1222 3102 1346 3178 omisit,
1364 3119 1443 3180 quo-

265 3209 357 3270 niam
377 3210 432 3271 hic
448 3226 624 3288 perpauca
646 3219 773 3284 essent,
795 3209 863 3272 illic
884 3227 969 3272 vero
992 3193 1171 3287 complura
1192 3218 1272 3271 sunt
1294 3218 1445 3287 praeter-

264 3317 380 3379 mi5sa.
403 3317 486 3379 Mihi
509 3327 603 3380 certe
624 3320 732 3379 multo
755 3318 968 3396 probabilius
991 3335 1068 3379 esse
1089 3317 1227 3379 videtur
1246 3335 1332 3380 eum·
1347 3317 1443 3379 libra-

153 3469 157 3475 .
265 3424 362 3500 rium,
386 3425 443 3502 qui
465 3425 652 3504 epitomam
674 3424 940 3503 transcripserit,
963 3426 1054 3487 hunc
1076 3427 1191 3486 locum
1214 3444 1257 3486 ex
1279 3426 1355 3504 ipso
1377 3425 1444 3486 Va·

261 3532 359 3608 ,leri0,
383 3533 479 3594 cuius
502 3535 681 3612 exemplar
695 3534 785 3595 inter
799 3550 923 3595 manus
938 3534 1099 3609 habebat,
1123 3533 1210 3595 sicut
1233 3542 1351 3596 cetera
1370 3532 1445 3595 libri

265 3639 366 3718 primi
388 3641 625 3703 additamenta
646 3641 886 3703 accessionum
911 3641 1020 3702 instar
1047 3640 1196 3720 margini
1217 3641 1445 3719 adscripsisse

266 3785 304 3790 —
320 3749 411 3810 unde
426 3757 549 3826 postea
563 3748 599 3809 in
611 3756 744 3810 textum
758 3748 978 3826 inrepserunt
993 3785 1032 3790 —
1048 3766 1151 3827 quam
1163 3748 1445 3827 Epitomatorem,

267 3855 324 3934 qui
346 3855 508 3918 totumO
539 3855 738 3934 recepisset,
767 3856 859 3919 hunc
884 3857 998 3918 locum
1023 3856 1255 3918 transcribere
1283 3858 1445 3919 noluisse.

266 3964 355 4026 Nam
382 3963 475 4040 quod
495 3962 713 4041 Epitomator
738 3964 773 4025 in
795 3962 936 4024 Valerio
965 3963 1122 4026 uberiore
1152 3963 1335 4042 expilando
1357 3965 1447 4026 hanc

379 4220 397 4288 ¹)
418 4217 642 4288 Discrepantiae
657 4217 716 4279 „is“
732 4218 770 4286 (8)
790 4216 868 4278 „his“
884 4216 956 4286 [val.
975 4218 1015 4288 ιι)
1029 4224 1059 4269 et
1073 4217 1177 4280 „inde“
1193 4218 1249 4286 (22)
1265 4216 1326 4279 „his
1342 4216 1447 4268 dictis“

267 4307 340 4378 (val.
357 4314 400 4374 59)
420 4306 500 4357 nihili
520 4312 595 4360 sunt.

377 4399 397 4466 ²)
418 4395 460 4450 CI.
482 4397 551 4463 epit.
571 4396 642 4462 Cap.
661 4411 693 4458 42
720 4411 785 4447 curn
805 4395 866 4449 Val.
881 4395 951 4462 Cap.
972 4409 1004 4461 45
1025 4402 1056 4447 et
1076 4395 1144 4461 epit.
1166 4394 1236 4460 Cap.
1252 4399 1286 4457 46
1307 4410 1373 4447 cum
1386 4395 1448 4450 Val.

268 4487 339 4553 Cap.
361 4500 401 4553 51.
