3232 5114
784 381 970 432 „x-.

275 565 363 626 libro
384 563 566 626 invenerat
586 563 621 624 in
643 564 750 625 breve
773 561 988 623 contraxisse
1011 578 1113 622 nemo
1135 560 1286 639 negabit.
1315 559 1461 639 Singula

276 688 337 733 cur
358 679 418 734 aut
439 669 594 732 omiserit
623 677 683 731 aut
710 667 889 747 receperit,
919 669 1055 730 frustra
1077 685 1234 746 quaeras
1267 668 1333 730 nisi
1356 670 1458 747 quod,

274 789 313 842 ut
334 781 538 858 plerumque
564 777 604 840 iit
631 778 666 839 in
695 778 762 839 hoc
787 777 953 839 librorum
981 793 1120 855 genere,
1150 793 1217 854 quo
1246 775 1388 855 propius
1415 777 1460 838 ad

274 887 382 950 finem
410 886 619 966 pervenerit,
649 904 690 947 eo
720 885 916 948 breviorem
945 902 1024 946 eum
1050 883 1127 946 fieri
1153 883 1254 946 facile
1276 884 1458 964 intellegis,

275 994 410 1057 Primus
432 993 524 1057 enirn
540 993 671 1057 Valerii
687 993 780 1068 liber,
801 992 858 1070 qui
873 991 908 1053 in
923 991 1087 1054 Kuebleri
1102 991 1252 1054 editione
1267 993 1307 1054 65
1321 991 1459 1070 paginis

276 1102 481 1178 continetur,
503 1101 537 1162 in
560 1101 585 1162 Z
606 1101 646 1163 38
666 1100 815 1179 paginas
843 1099 973 1178 implet,
1003 1100 1176 1161 secundus
1198 1100 1233 1160 in
1254 1099 1397 1161 Valerio
1419 1101 1460 1161 45

274 1208 309 1271 in
332 1209 483 1288 epitoma
512 1201 548 1270 15
573 1207 711 1288 paginis
740 1207 940 1282 absolvitur,
970 1205 1091 1268 tertius
1121 1207 1214 1285 apud
1239 1206 1334 1269 illum
1362 1208 1459 1270 58111

274 1318 342 1380 hac
366 1317 402 1378 13
424 1315 652 1394 amplectitur.
696 1315 793 1392 Quae
816 1314 929 1392 capita
951 1314 1077 1392 integri
1098 1313 1231 1376 Valerii
1251 1314 1286 1376 in
1308 1316 1460 1393 epitoma

274 1423 522 1505 praetermissa
533 1424 610 1500 sint,
620 1439 831 1503 quamquam
843 1430 877 1483 et
886 1421 990 1484 Iulius
1003 1421 1137 1483 Zacher
1152 1430 1186 1483 et
1197 1422 1326 1484 Paulus
1337 1422 1460 1502 Meyer

159 1544 162 1549 ’
275 1533 344 1595 iam
367 1534 567 1610 docuerunt,
590 1531 670 1610 quia
691 1548 783 1592 nunc
798 1529 1032 1592 Kuebleriana
1053 1529 1203 1592 editione
1225 1529 1275 1591 uti
1297 1529 1384 1606 licet,
1408 1549 1460 1592 re-

274 1649 402 1721 petam.
438 1638 722 1715 Desiderantur1)
743 1637 778 1699 in
799 1637 886 1698 libro
907 1636 1019 1716 primo
1042 1635 1165 1714 capitis
1186 1638 1204 1697 7
1227 1653 1355 1715 magna
1376 1656 1459 1717 pars

274 1751 460 1829 itidemque
490 1748 613 1827 capitis
641 1748 703 1824 9.2)
744 1746 880 1809 Deinde
910 1752 1014 1824 caput
1043 1745 1083 1808 20
1107 1754 1227 1822 totum,
1251 1745 1290 1808 23
1319 1756 1460 1824 praeter

274 1857 423 1938 primam
438 1857 653 1934 sententiam,
677 1856 792 1935 capita
805 1855 935 1931 24-32,
946 1855 969 1932 ³)
984 1855 1034 1930 34,
1049 1855 1089 1916 39
1103 1861 1244 1933 praeter
1258 1872 1459 1933 supremam

274 1965 481 2027 sententiam
504 1974 538 2026 et
559 1965 674 2043 capita
694 1964 823 2026 tto-50.
866 1963 904 2024 In
925 1962 1012 2024 libro
1034 1980 1120 2024 vero
1150 1963 1303 2024 secundo
1334 1963 1460 2026 desunt

274 2082 379 2151 caput
399 2073 550 2151 primum
573 2079 607 2133 et
628 2070 819 2133 secundum
842 2070 916 2132 iere
938 2078 1059 2145 totum,
1083 2068 1207 2131 deinde
1228 2069 1257 2145 8,
1282 2069 1458 2146 11,12,13,

276 2180 322 2255 14,
345 2180 466 2259 capitis
492 2180 528 2241 16
550 2178 689 2242 dimidia
709 2196 801 2257 parS,
825 2177 939 2256 capita
963 2177 1008 2250 17,
1034 2177 1080 2253 18,
1102 2177 1142 2238 25
1164 2177 1237 2238 1616
1261 2185 1382 2253 totum,
1405 2194 1459 2239 ca-

273 2287 382 2366 pitum
409 2287 458 2366 27,
488 2288 536 2365 28,
559 2287 599 2350 29
626 2295 744 2366 partes
771 2302 929 2364 magnae,
958 2285 1006 2361 30,
1036 2285 1084 2360 35,
1114 2284 1237 2363 capitis
1259 2285 1297 2346 37
1320 2283 1460 2346 dimidia

273 2411 355 2473 pars
369 2395 418 2472 38,
434 2396 474 2457 39
495 2404 606 2458 totum
629 2411 792 2472 suprema
814 2391 987 2455 sententia
1009 2399 1165 2470 excepta.
1188 2392 1226 2454 In
1247 2391 1334 2454 libro
1356 2391 1459 2454 tertio

274 2502 405 2564 frustra
432 2520 582 2581 quaeras
605 2501 720 2580 capita
740 2502 844 2563 haec:
874 2502 899 2576 1,
922 2501 949 2578 2,
972 2502 1001 2576 9,
1027 2500 1154 2577 10-28,
1175 2499 1215 2562 32
1237 2500 1311 2562 iere
1337 2508 1459 2576 totum,

273 2611 322 2687 33,
338 2611 467 2686 35-37,
491 2628 535 2672 ex
557 2609 725 2690 capitibus
748 2611 867 2672 41-53
889 2627 959 2672 una
973 2609 1145 2672 sententia
1160 2627 1204 2671 ex
1218 2609 1313 2671 initio
1329 2608 1460 2672 scilicet

275 2718 397 2797 capitis
419 2718 459 2780 to
481 2728 621 2805 servata
643 2727 705 2794 est,
734 2719 774 2780 56
795 2717 869 2780 fere
890 2727 1003 2780 totum
1033 2717 1139 2794 deest,
1161 2735 1225 2779 nec
1251 2734 1321 2778 non
1344 2717 1460 2795 capita

274 2827 323 2901 57,
345 2825 393 2899 58,
416 2826 456 2887 59
476 2817 560 2888 tota.

382 2933 599 3012 Epitomator
621 2942 737 2996 autem
759 2952 970 3014 quamquam
993 2943 1065 2996 tam
1079 2936 1189 2998 multa
1204 2933 1339 2996 silentio
1361 2951 1459 3012 prae-

274 3041 374 3118 teriit,
390 3051 427 3104 ut
447 3060 517 3104 non
538 3042 604 3104 nisi
627 3060 709 3105 ossa
730 3044 830 3122 quasi
853 3052 887 3105 et
908 3043 1068 3104 umbram
1088 3041 1253 3104 historiae
1267 3040 1375 3120 ipsius
1390 3059 1460 3103 ser-

274 3149 419 3226 vaven't,
441 3150 628 3228 praecipue
642 3149 678 3212 in
694 3149 789 3212 libris
805 3151 960 3212 secundo
980 3149 1160 3229 tertioque,
1176 3158 1294 3211 tamen
1310 3150 1459 3211 eundem

275 3257 483 3320 narrationis
511 3266 678 3335 tenorem,
708 3258 766 3338 qui
794 3266 847 3320 est
876 3259 969 3337 apud
995 3257 1183 3334 Valerium,
1212 3257 1359 3333 retinuit,
1389 3274 1459 3318 uno

275 3366 352 3427 loco
383 3366 572 3444 excepto.⁴)
614 3367 652 3428 In
681 3366 833 3444 epitoma
855 3366 1018 3429 Candace
1047 3365 1168 3445 regina
1185 3366 1371 3449 pictorem,
1401 3364 1459 3444 qui

386 3513 404 3576 ¹)
419 3507 485 3559 Illos
495 3514 609 3560 tantum
621 3507 711 3560 affero
723 3509 816 3580 locos
827 3508 933 3575 quibus
944 3509 1073 3578 integras
1082 3509 1459 3574 narrationesEpitomator

276 3599 382 3654 omisit.

385 3692 404 3758 ²)
425 3688 536 3740 Primus
557 3689 640 3741 locus
654 3695 735 3741 totus
750 3696 781 3742 et
796 3690 919 3742 secundi
939 3705 1007 3756 pars
1022 3690 1114 3742 maior
1127 3691 1154 3742 in
1169 3687 1459 3744 Pseudocallisthene

276 3793 394 3845 quoque
415 3778 630 3833 desiderantur.

384 3869 406 3938 8)
427 3868 480 3919 His
509 3868 538 3919 in
568 3868 716 3935 capitibus
736 3868 870 3921 Valerius
890 3868 1050 3921 Alexandri
1079 3884 1127 3920 res
1155 3869 1184 3920 in
1204 3869 1339 3938 Aegypto
1359 3873 1459 3936 gestas

276 3964 383 4023 narrat,
395 3973 470 4024 quae
482 3959 609 4010 narratio
622 3958 684 4011 1616
699 3965 762 4011 tota
773 3959 802 4009 in
819 3959 923 4011 codice
938 3958 1065 4011 Parisino
1079 3958 1110 4030 (P
1122 3959 1200 4025 apud
1214 3957 1401 4017 Kueblerum,
1411 3954 1458 4021 Vp

277 4048 355 4115 apud
376 4048 438 4117 nos)
457 4048 551 4101 deest.
572 4047 675 4115 Itaque
696 4063 872 4115 quamquam
893 4064 909 4100 6
931 4047 1036 4101 codice
1049 4048 1179 4100 Parisino
1196 4054 1276 4099 certe
1297 4062 1355 4097 non
1376 4044 1459 4097 fluxit

277 4138 414 4205 epitoma,
436 4137 599 4190 mutilatum
620 4144 718 4190 tamen
746 4138 881 4190 codicem
908 4137 996 4190 etiam
1017 4139 1053 4189 ab
1073 4137 1276 4204 Epitomatore
1297 4134 1458 4188 adhibitum

277 4243 344 4280 esse
372 4227 515 4294 suspicor.
554 4226 597 4279 Ita
617 4227 727 4279 factum
755 4242 822 4279 esse
843 4227 1028 4290 crediderim,
1049 4233 1081 4279 ut
1101 4227 1213 4288 unicus,
1234 4227 1282 4293 qui
1303 4226 1388 4278 nobis
1409 4225 1458 4276 ali-

278 4317 360 4369 cuius
381 4316 520 4368 momenti
540 4323 623 4368 esset
642 4316 726 4368 locus
745 4315 853 4368 Valerii
874 4315 989 4368 silentio
1009 4317 1302 4382 praetermitteretur.

385 4407 405 4476 ⁴)
425 4406 492 4475 Pag.
513 4423 547 4467 40
567 4421 630 4473 sqq.
652 4409 696 4472 (=
716 4405 779 4461 Val.
803 4409 851 4468 136
872 4421 949 4473 sqq.;
977 4420 1066 4458 causa
1092 4405 1177 4458 facile
1199 4406 1392 4473 perspicitur),
1421 4403 1458 4456 cf.

278 4497 369 4548 etiam
389 4512 416 4562 p.
436 4507 522 4560 25,20
543 4511 605 4562 sqq.
634 4510 700 4547 cum
719 4495 781 4549 Val.
802 4510 850 4561 pp.
872 4509 905 4559 70
925 4501 955 4547 et
975 4509 1017 4557 71.
