3232 5114
762 407 972 459 -XIV-

383 587 597 668 Scriptorem
605 586 647 648 Oi
658 587 794 650 duobus
805 596 940 651 tantum
951 587 1036 649 locis
1048 585 1158 650 verba
1168 587 1300 650 Valerii
1314 587 1459 667 gravius

275 697 517 759 immutantem
532 695 761 775 deprehendi3
783 696 894 758 verba
908 695 942 758 in
957 694 1072 757 medio
1094 711 1232 774 ponam,
1247 703 1285 758 ut
1299 695 1458 773 legentes

275 803 342 882 ipsi
362 803 521 879 iudicent,
551 821 656 882 quam
677 805 781 884 longe
811 804 854 866 ab
887 801 1056 882 exemplis
1086 820 1130 864 ex
1161 801 1314 882 epitoma
1345 801 1459 864 allatis

275 910 482 991 discrepent.
524 911 603 973 Val.
633 912 698 987 156,
734 911 820 978 12113
848 910 1056 973 Aristoteles
1088 909 1271 989 epistolam
1303 908 1348 970 ad
1379 907 1461 970 Ale-

275 1018 449 1081 xandrum
463 1018 607 1081 missam
627 1018 677 1081 sic
692 1018 821 1098 incipit:
845 1019 931 1096 „Per
952 1018 1036 1080 mihi
1058 1015 1197 1080 difficile
1219 1026 1274 1079 est
1295 1016 1460 1096 eligere“;

276 1126 311 1188 in
332 1126 374 1189 Oi
393 1128 481 1189 haec
501 1128 610 1190 verba
631 1127 850 1207 reperiuntur
872 1128 964 1206 (pag.
980 1127 1029 1203 49,
1045 1126 1122 1188 add.
1141 1126 1208 1204 13);
1232 1123 1460 1202 „Perdiliicile

277 1235 361 1297 mihi
377 1244 431 1297 est
446 1235 604 1315 eligere“.
627 1236 708 1298 lbid.
723 1253 815 1298 vers
830 1235 870 1298 22
884 1235 1048 1315 legimus:
1070 1235 1142 1311 „Ex
1158 1234 1281 1313 quibus
1296 1233 1461 1311 colligere

277 1342 466 1404 admodum
494 1341 596 1406 facile
626 1353 687 1418 est,
722 1343 968 1422 ambigendum
998 1351 1158 1404 utrumne
1193 1350 1227 1402 te
1256 1338 1461 1420 prudentiae

277 1451 408 1513 viribus
435 1469 480 1514 an
505 1428 736 1530 tolerantiale)
765 1450 1068 1531 fortitudinislque)
1090 1449 1203 1530 magis
1231 1449 1460 1528 praedicem“,

277 1557 401 1637 quibus
422 1559 539 1621 verbis
561 1558 774 1638 respondent
799 1559 834 1621 in
857 1559 914 1622 Oi:
945 1560 1017 1637 „Ex
1044 1557 1166 1637 quibus
1189 1557 1353 1636 colligere
1374 1555 1461 1618 diiii-

249 1661 252 1668 ’
279 1665 442 1728 cillimum
464 1674 624 1730 utrumne
647 1683 674 1729 e.
691 1684 722 1745 q.
739 1669 786 1728 s“
798 1667 817 1745 ¹)

386 1775 424 1836 ll.
446 1773 533 1838 Sunt
553 1773 588 1835 in
611 1773 764 1852 epitoma
785 1775 853 1837 loci
866 1775 961 1838 haud
976 1775 1087 1855 pauci,
1103 1775 1227 1854 quibus
1242 1773 1462 1854 Epitomator

278 1882 486 1962 quibusdam
517 1882 649 1946 Valerii
681 1883 788 1963 ipsius
825 1883 942 1946 verbis
979 1884 1117 1946 omissis
1149 1892 1209 1946 aut
1240 1881 1462 1945 commutatis

280 1989 490 2069 exemplaris
511 1989 681 2052 uberioris
704 1991 997 2054 constructionem
1018 1994 1110 2054 male
1132 1990 1279 2054 retinuit.
1322 1989 1398 2068 Quo
1427 1991 1463 2052 in

278 2115 410 2177 genere
432 2096 474 2158 Oi
501 2097 650 2177 scriptor
676 2101 794 2174 semel,
804 2099 828 2176 2)
855 2098 884 2160 si
912 2098 993 2177 quid
1020 2099 1133 2176 video,
1164 2097 1339 2178 peccavit:
1369 2115 1401 2177 p.
1423 2098 1464 2160 30

279 2204 358 2266 add.
376 2204 396 2266 2
415 2205 461 2282 (=
472 2204 551 2267 Val.
571 2205 620 2282 86,
636 2206 687 2284 27)
709 2205 768 2268 ubi
791 2208 866 2282 „ut“
889 2205 1068 2285 particula,
1092 2206 1146 2268 cui
1166 2207 1201 2268 in
1223 2214 1397 2269 structura
1419 2207 1463 2268 ab

280 2312 324 2375 Oi
350 2322 519 2391 usurpata
547 2314 661 2375 nullus
694 2320 748 2376 est
778 2315 885 2390 locuS,
915 2331 958 2375 ex
987 2314 1129 2378 Valerio
1158 2323 1339 2394 assumpta
1366 2323 1429 2376 est.
1438 2316 1463 2393 1)

280 2420 355 2483 Sint
380 2437 444 2498 pro
474 2422 634 2499 exemplo
661 2436 705 2481 ex
728 2420 879 2500 epitoma
908 2422 1013 2483 haec:
1043 2421 1182 2498 „Enim“
1205 2423 1233 2499 3,
1257 2422 1293 2484 10
1315 2423 1362 2500 (=
1384 2421 1462 2484 Val.

277 2529 307 2606 3,
324 2529 371 2608 9);
396 2528 517 2607 „quin“
531 2529 560 2603 3,
575 2529 612 2591 21
631 2527 677 2606 (=
693 2529 770 2592 Val.
786 2530 815 2604 3,
830 2529 896 2607 23);
914 2529 1018 2606 „artis
1034 2529 1209 2592 eiusdem“
1224 2530 1273 2606 29,
1289 2531 1308 2591 9
1323 2530 1369 2608 (=
1384 2529 1463 2592 Val.

279 2638 328 2714 84,
344 2637 412 2716 27);
437 2638 646 2715 „crureque“
671 2636 753 2712 14,9
775 2636 821 2715 (=
843 2635 921 2699 Val.
937 2637 985 2713 24,
1011 2637 1077 2717 12),
1101 2641 1174 2714 ,‚et“
1200 2638 1370 2716 13,14·(--
1385 2637 1464 2700 Val.

280 2746 329 2822 22,
345 2748 386 2825 9).
417 2744 587 2807 Conferas
603 2746 708 2808 etiam
722 2746 771 2821 30,
796 2746 927 2808 13-15ῑ
951 2745 1070 2823 „Quae
1088 2746 1246 2825 proiecto
1260 2746 1386 2809 fierent
1400 2745 1466 2808 nisi

281 2865 397 2919 tecum
410 2855 552 2918 fortuna
572 2852 685 2932 magis
707 2835 813 2932 quam
832 2869 969 2915 mecum
984 2853 1148 2917 stetisset.
1177 2854 1241 2916 His
1263 2853 1465 2932 Alexander

280 2962 406 3026 auditis
435 2960 598 3041 promissi
630 2968 664 3022 et
696 2960 864 3022 audaciae
899 2961 1078 3023 laudatum
1110 2962 1155 3024 ad
1182 2962 1324 3041 propria
1351 2962 1465 3024 redire

282 3069 473 3133 concessit“
496 3086 575 3131 curn
595 3067 727 3132 Valerii
756 3068 872 3130 verbis
882 3064 895 3149 :j
916 3068 1034 3145 „Quae
1063 3068 1221 3147 prolecto
1243 3069 1338 3132 haud
1363 3069 1466 3132 dubie

280 3178 415 3254 fierent,
437 3177 472 3239 ni
493 3185 608 3238 tecum
629 3174 769 3238 fortuna
790 3174 905 3254 potius
927 3193 1031 3255 quam
1052 3193 1189 3239 mecum
1205 3177 1367 3240 stetisset.
1401 3177 1466 3240 His

281 3285 414 3354 auditis,
429 3285 631 3347 Alexander
653 3283 769 3346 multis
798 3301 941 3346 suorum
969 3284 1209 3364 praesentibus
1236 3285 1363 3348 iterare
1386 3304 1466 3349 eum

281 3392 376 3454 iubet
407 3409 606 3454 sermonem
637 3391 800 3471 promissi
833 3400 867 3453 et
899 3392 1076 3468 audaciae,
1107 3393 1286 3455 laudatum
1319 3392 1467 3472 denique

281 3500 364 3562 fidei
396 3518 438 3563 ac
463 3500 673 3563 fortitudinis
709 3500 754 3562 ad
790 3518 873 3562 suos
900 3500 951 3562 ire
979 3500 1092 3562 iubet“
1123 3501 1213 3580 (Val.
1235 3502 1284 3578 87,
1306 3501 1346 3563 27
1368 3502 1465 3582 sqq.).

395 3667 414 3720 ι)
433 3661 642 3713 Annotandum
663 3667 708 3712 est
729 3676 795 3712 cum
809 3659 917 3712 Valerii
939 3661 1082 3722 codicem,
1098 3677 1185 3728 quem
1206 3662 1378 3729 plerumque
1399 3678 1466 3716 cum

285 3751 445 3818 exemplari
466 3751 503 3803 ab
523 3751 621 3803 scriba
634 3749 670 3804 Oi
690 3750 822 3803 adhibito
837 3751 1004 3805 consentire
1018 3750 1191 3815 videbimus
1212 3752 1372 3804 Parisinum
1391 3753 1466 3814 dico,

284 3840 439 3893 exhibere:
468 3839 530 3902 „Ex
556 3840 663 3908 quibus
691 3839 829 3909 colligere
849 3856 1006 3908 possumus
1026 3841 1184 3893 admodum
1205 3840 1289 3893 facile
1311 3847 1357 3893 est
1376 3841 1468 3894 ambi-

284 3931 440 4000 gendum‘¹.
472 3928 574 3997 Itaque
600 3946 773 3996 persuasum
797 3930 894 3983 habeo
919 3929 955 3984 Oi
980 3930 1156 3997 scriptorem
1182 3931 1260 3983 hunc
1287 3931 1383 3983 locum
1410 3932 1468 3984 iam

284 4027 456 4087 corruptum
477 4019 583 4088 legisse
604 4028 635 4072 et
654 4021 825 4073 necessario
847 4020 1023 4076 correxisse.

395 4111 416 4180 ²)
436 4109 524 4162 Haud
543 4125 609 4162 raro
625 4110 660 4164 Oi
681 4111 809 4178 scriptor
828 4110 987 4163 inserendo
1008 4111 1156 4177 epitomae
1176 4111 1385 4174 additamenta,
1401 4127 1468 4164 cum

284 4208 353 4253 ante
381 4199 485 4252 oculos
516 4200 675 4266 epitomam
705 4207 735 4252 et
763 4198 912 4252 Valerium
938 4199 1101 4266 pleniorem
1127 4199 1271 4263 habuerit,
1301 4201 1375 4253 duas
1402 4217 1470 4254 con-

286 4290 472 4351 structiones,
492 4296 524 4341 ut
544 4289 613 4342 mihi
632 4291 756 4354 videtur,
777 4291 853 4342 inter
872 4305 904 4341 se
926 4289 1108 4341 commiscuit
1128 4296 1158 4341 et
1177 4289 1320 4344 confudit.
1346 4290 1392 4344 De
1411 4291 1468 4345 hac

285 4380 462 4447 quaestione
482 4378 576 4432 fusius
596 4381 823 4447 accuratiusque
842 4378 917 4431 infra
937 4395 1028 4447 agam.
1398 4367 1401 4374 ’

394 4470 414 4538 8)
436 4467 478 4522 Cf.
499 4468 574 4525 Adn.
596 4469 659 4524 crit.
680 4469 716 4522 ad
736 4469 814 4521 hune
834 4467 929 4522 locum
949 4474 979 4519 et
999 4467 1036 4519 ad
1058 4480 1091 4532 50
1111 4469 1177 4523 add.
1195 4485 1234 4532 14.
