<?xml version="1.0" encoding="UTF-8"?>
<!DOCTYPE html PUBLIC "-//W3C//DTD XHTML 1.0 Transitional//EN"
    "http://www.w3.org/TR/xhtml1/DTD/xhtml1-transitional.dtd">
<html xmlns="http://www.w3.org/1999/xhtml" xml:lang="en" lang="en">
 <head>
  <title>
</title>
<meta http-equiv="Content-Type" content="text/html;charset=utf-8" />
  <meta name='ocr-system' content='tesseract 3.04.00' />
  <meta name='ocr-capabilities' content='ocr_page ocr_carea ocr_par ocr_line ocrx_word'/>
</head>
<body>
  <div class='ocr_page' id='page_1' title='image "./deiuliivaleriie00alexgoog_0050.png"; bbox 0 0 3232 5114; ppageno 0'>
   <div class='ocr_carea' id='block_1_1' title="bbox 556 337 864 400">
    <p class='ocr_par' dir='ltr' id='par_1_1' title="bbox 556 337 864 400">
     <span class='ocr_line' id='line_1_1' title="bbox 556 337 864 400; baseline 0.006 -2"><span class='ocrx_word' id='word_1_1' title='bbox 556 337 864 400; x_wconf 86' lang='lat' dir='ltr'>&#39;-ll-</span> 
     </span>
    </p>
   </div>
   <div class='ocr_carea' id='block_1_2' title="bbox 29 523 1412 3620">
    <p class='ocr_par' dir='ltr' id='par_1_2' title="bbox 29 523 1357 605">
     <span class='ocr_line' id='line_1_2' title="bbox 29 523 1357 605; baseline 0.001 -18"><span class='ocrx_word' id='word_1_2' title='bbox 29 551 57 601; x_wconf 80' lang='grc' dir='ltr'>ρ.</span> <span class='ocrx_word' id='word_1_3' title='bbox 72 535 105 588; x_wconf 86' lang='grc'>18</span> <span class='ocrx_word' id='word_1_4' title='bbox 119 535 148 590; x_wconf 88' lang='grc' dir='ltr'>Ζ.</span> <span class='ocrx_word' id='word_1_5' title='bbox 170 523 318 604; x_wconf 88' lang='lat' dir='ltr'>spondit.</span> <span class='ocrx_word' id='word_1_6' title='bbox 354 525 398 590; x_wconf 88' lang='lat' dir='ltr'>Et</span> <span class='ocrx_word' id='word_1_7' title='bbox 415 523 629 590; x_wconf 83' lang='lat' dir='ltr'>Alexander:</span> <span class='ocrx_word' id='word_1_8' title='bbox 654 525 909 601; x_wconf 86' lang='lat' dir='ltr'>„Possumusne</span> <span class='ocrx_word' id='word_1_9' title='bbox 924 525 1010 590; x_wconf 84' lang='lat' dir='ltr'>istas</span> <span class='ocrx_word' id='word_1_10' title='bbox 1026 525 1134 589; x_wconf 90' lang='lat' dir='ltr'>oculis</span> <span class='ocrx_word' id='word_1_11' title='bbox 1149 527 1357 605; x_wconf 81' lang='lat' dir='ltr'>usurpare?“</span> 
     </span>
    </p>

    <p class='ocr_par' dir='ltr' id='par_1_3' title="bbox 114 631 1359 928">
     <span class='ocr_line' id='line_1_3' title="bbox 114 631 1357 715; baseline 0 -19"><span class='ocrx_word' id='word_1_12' title='bbox 114 643 147 696; x_wconf 77' lang='lat'>15</span> <span class='ocrx_word' id='word_1_13' title='bbox 169 631 301 698; x_wconf 89' lang='lat' dir='ltr'>Annuit</span> <span class='ocrx_word' id='word_1_14' title='bbox 322 651 436 713; x_wconf 91' lang='lat' dir='ltr'>posse.</span> <span class='ocrx_word' id='word_1_15' title='bbox 470 633 624 714; x_wconf 85' lang='lat' dir='ltr'>Tempus</span> <span class='ocrx_word' id='word_1_16' title='bbox 647 633 762 714; x_wconf 86' lang='lat' dir='ltr'><strong>exigit.</strong></span> <span class='ocrx_word' id='word_1_17' title='bbox 795 635 992 714; x_wconf 89' lang='lat' dir='ltr'>Vesperarn</span> <span class='ocrx_word' id='word_1_18' title='bbox 1015 634 1206 715; x_wconf 87' lang='lat' dir='ltr'>pollicetur.</span> <span class='ocrx_word' id='word_1_19' title='bbox 1240 633 1357 710; x_wconf 85' lang='lat' dir='ltr'>„Quae</span> 
     </span>
     <span class='ocr_line' id='line_1_4' title="bbox 169 740 1357 822; baseline -0.001 -19"><span class='ocrx_word' id='word_1_20' title='bbox 169 740 229 804; x_wconf 90' lang='lat' dir='ltr'>ubi</span> <span class='ocrx_word' id='word_1_21' title='bbox 261 740 449 817; x_wconf 80' lang='lat' dir='ltr'>advenerit,</span> <span class='ocrx_word' id='word_1_22' title='bbox 483 741 681 818; x_wconf 86' lang='lat' dir='ltr'>comitare,“</span> <span class='ocrx_word' id='word_1_23' title='bbox 714 742 831 822; x_wconf 89' lang='lat' dir='ltr'>inquit,</span> <span class='ocrx_word' id='word_1_24' title='bbox 865 760 1022 820; x_wconf 90' lang='lat' dir='ltr'>„mecum</span> <span class='ocrx_word' id='word_1_25' title='bbox 1051 743 1095 808; x_wconf 91' lang='lat' dir='ltr'>ad</span> <span class='ocrx_word' id='word_1_26' title='bbox 1124 750 1357 821; x_wconf 87' lang='lat' dir='ltr'>campestrem</span> 
     </span>
     <span class='ocr_line' id='line_1_5' title="bbox 169 848 1359 928; baseline -0.003 -15"><span class='ocrx_word' id='word_1_27' title='bbox 169 851 286 913; x_wconf 92' lang='lat' dir='ltr'>locum</span> <span class='ocrx_word' id='word_1_28' title='bbox 308 866 437 928; x_wconf 93' lang='lat' dir='ltr'>easque</span> <span class='ocrx_word' id='word_1_29' title='bbox 466 849 526 912; x_wconf 91' lang='lat' dir='ltr'>tibi</span> <span class='ocrx_word' id='word_1_30' title='bbox 551 849 586 912; x_wconf 91' lang='lat' dir='ltr'>in</span> <span class='ocrx_word' id='word_1_31' title='bbox 612 851 711 912; x_wconf 88' lang='lat' dir='ltr'>caelo</span> <span class='ocrx_word' id='word_1_32' title='bbox 737 852 894 913; x_wconf 90' lang='lat' dir='ltr'>lucentes</span> <span class='ocrx_word' id='word_1_33' title='bbox 917 850 1130 914; x_wconf 87' lang='lat' dir='ltr'>ostendam.“</span> <span class='ocrx_word' id='word_1_34' title='bbox 1183 850 1278 928; x_wconf 85' lang='lat' dir='ltr'>Ergo</span> <span class='ocrx_word' id='word_1_35' title='bbox 1300 848 1359 912; x_wconf 92' lang='lat' dir='ltr'>ubi</span> 
     </span>
    </p>

    <p class='ocr_par' dir='ltr' id='par_1_4' title="bbox 32 956 1411 1254">
     <span class='ocr_line' id='line_1_6' title="bbox 32 956 1411 1036; baseline 0.005 -24"><span class='ocrx_word' id='word_1_36' title='bbox 32 981 59 1031; x_wconf 79' lang='lat' dir='ltr'>p.</span> <span class='ocrx_word' id='word_1_37' title='bbox 75 965 104 1018; x_wconf 75' lang='lat'>19</span> <span class='ocrx_word' id='word_1_38' title='bbox 119 965 148 1018; x_wconf 86' lang='lat' dir='ltr'>Z.</span> <span class='ocrx_word' id='word_1_39' title='bbox 169 966 309 1036; x_wconf 91' lang='lat' dir='ltr'>tempus</span> <span class='ocrx_word' id='word_1_40' title='bbox 331 965 393 1033; x_wconf 91' lang='lat' dir='ltr'>est,</span> <span class='ocrx_word' id='word_1_41' title='bbox 415 956 595 1036; x_wconf 82' lang='lat' dir='ltr'>progressi</span> <span class='ocrx_word' id='word_1_42' title='bbox 617 957 754 1036; x_wconf 87' lang='lat' dir='ltr'>oppid0,</span> <span class='ocrx_word' id='word_1_43' title='bbox 777 957 883 1022; x_wconf 88' lang='lat' dir='ltr'>dabat</span> <span class='ocrx_word' id='word_1_44' title='bbox 905 957 1024 1022; x_wconf 89' lang='lat' dir='ltr'>videre</span> <span class='ocrx_word' id='word_1_45' title='bbox 1039 957 1252 1034; x_wconf 86' lang='lat' dir='ltr'>Alexandro,</span> <span class='ocrx_word' id='word_1_46' title='bbox 1268 974 1357 1036; x_wconf 88' lang='lat' dir='ltr'>quae</span> <span class='ocrx_word' id='word_1_47' title='bbox 1394 977 1411 1029; x_wconf 80' lang='lat'>5</span> 
     </span>
     <span class='ocr_line' id='line_1_7' title="bbox 167 1063 1358 1146; baseline 0.002 -20"><span class='ocrx_word' id='word_1_48' title='bbox 167 1065 358 1146; x_wconf 89' lang='lat' dir='ltr'>cupiverat.</span> <span class='ocrx_word' id='word_1_49' title='bbox 413 1063 479 1142; x_wconf 90' lang='lat' dir='ltr'>Qui</span> <span class='ocrx_word' id='word_1_50' title='bbox 510 1064 591 1130; x_wconf 89' lang='lat' dir='ltr'>dum</span> <span class='ocrx_word' id='word_1_51' title='bbox 627 1064 749 1130; x_wconf 91' lang='lat' dir='ltr'>sedulo</span> <span class='ocrx_word' id='word_1_52' title='bbox 781 1065 884 1130; x_wconf 91' lang='lat' dir='ltr'>huius</span> <span class='ocrx_word' id='word_1_53' title='bbox 914 1065 999 1128; x_wconf 90' lang='lat' dir='ltr'>artis</span> <span class='ocrx_word' id='word_1_54' title='bbox 1029 1065 1154 1144; x_wconf 89' lang='lat' dir='ltr'>peritia</span> <span class='ocrx_word' id='word_1_55' title='bbox 1183 1064 1358 1128; x_wconf 82' lang='lat' dir='ltr'>frueretur</span> 
     </span>
     <span class='ocr_line' id='line_1_8' title="bbox 165 1151 1358 1254; baseline 0.001 -20"><span class='ocrx_word' id='word_1_56' title='bbox 165 1172 306 1251; x_wconf 90' lang='lat' dir='ltr'>iamque</span> <span class='ocrx_word' id='word_1_57' title='bbox 328 1151 422 1236; x_wconf 85' lang='lat' dir='ltr'>sein</span> <span class='ocrx_word' id='word_1_58' title='bbox 443 1172 540 1239; x_wconf 90' lang='lat' dir='ltr'>hisce</span> <span class='ocrx_word' id='word_1_59' title='bbox 569 1172 709 1236; x_wconf 92' lang='lat' dir='ltr'>doctum</span> <span class='ocrx_word' id='word_1_60' title='bbox 735 1173 978 1254; x_wconf 88' lang='lat' dir='ltr'>perpenderet,</span> <span class='ocrx_word' id='word_1_61' title='bbox 1007 1182 1109 1238; x_wconf 90' lang='lat' dir='ltr'>nocte</span> <span class='ocrx_word' id='word_1_62' title='bbox 1135 1172 1287 1253; x_wconf 90' lang='lat' dir='ltr'>quadam</span> <span class='ocrx_word' id='word_1_63' title='bbox 1313 1171 1358 1236; x_wconf 90' lang='lat' dir='ltr'>ad</span> 
     </span>
    </p>

    <p class='ocr_par' dir='ltr' id='par_1_5' title="bbox 86 1279 1412 1898">
     <span class='ocr_line' id='line_1_9' title="bbox 86 1279 1358 1359; baseline 0 -17"><span class='ocrx_word' id='word_1_64' title='bbox 86 1297 89 1304; x_wconf 73' lang='grc'>’</span> <span class='ocrx_word' id='word_1_65' title='bbox 166 1279 380 1358; x_wconf 89' lang='lat' dir='ltr'>praescitum</span> <span class='ocrx_word' id='word_1_66' title='bbox 401 1279 520 1344; x_wconf 84' lang='lat' dir='ltr'>fossae</span> <span class='ocrx_word' id='word_1_67' title='bbox 541 1297 713 1359; x_wconf 87' lang='lat' dir='ltr'>praeceps</span> <span class='ocrx_word' id='word_1_68' title='bbox 734 1279 924 1356; x_wconf 76' lang='lat' dir='ltr'>venientes</span> <span class='ocrx_word' id='word_1_69' title='bbox 952 1280 1155 1346; x_wconf 86' lang='lat' dir='ltr'>Alexander</span> <span class='ocrx_word' id='word_1_70' title='bbox 1181 1279 1358 1345; x_wconf 90' lang='lat' dir='ltr'>hominem</span> 
     </span>
     <span class='ocr_line' id='line_1_10' title="bbox 130 1385 1357 1468; baseline 0.003 -22"><span class='ocrx_word' id='word_1_71' title='bbox 130 1386 360 1467; x_wconf 67' lang='lat' dir='ltr'>simproviso</span> <span class='ocrx_word' id='word_1_72' title='bbox 388 1386 571 1466; x_wconf 90' lang='lat' dir='ltr'>impellens</span> <span class='ocrx_word' id='word_1_73' title='bbox 599 1385 820 1467; x_wconf 79' lang='lat' dir='ltr'>praecipitat3</span> <span class='ocrx_word' id='word_1_74' title='bbox 849 1387 963 1468; x_wconf 90' lang='lat' dir='ltr'>ibique</span> <span class='ocrx_word' id='word_1_75' title='bbox 991 1388 1085 1452; x_wconf 87' lang='lat' dir='ltr'>letali</span> <span class='ocrx_word' id='word_1_76' title='bbox 1113 1387 1183 1452; x_wconf 90' lang='lat' dir='ltr'>ictu</span> <span class='ocrx_word' id='word_1_77' title='bbox 1211 1388 1357 1452; x_wconf 87' lang='lat' dir='ltr'>cervicis</span> 
     </span>
     <span class='ocr_line' id='line_1_11' title="bbox 167 1494 1412 1577; baseline -0.002 -19"><span class='ocrx_word' id='word_1_78' title='bbox 167 1494 321 1558; x_wconf 85' lang='lat' dir='ltr'>afflictus</span> <span class='ocrx_word' id='word_1_79' title='bbox 356 1495 445 1560; x_wconf 89' lang='lat' dir='ltr'>haec</span> <span class='ocrx_word' id='word_1_80' title='bbox 481 1505 691 1575; x_wconf 91' lang='lat' dir='ltr'>conquestus</span> <span class='ocrx_word' id='word_1_81' title='bbox 728 1504 794 1558; x_wconf 92' lang='lat' dir='ltr'>est:</span> <span class='ocrx_word' id='word_1_82' title='bbox 832 1496 929 1574; x_wconf 86' lang='lat' dir='ltr'>„Mi‚“</span> <span class='ocrx_word' id='word_1_83' title='bbox 965 1496 1087 1577; x_wconf 88' lang='lat' dir='ltr'>inquit,</span> <span class='ocrx_word' id='word_1_84' title='bbox 1126 1495 1355 1572; x_wconf 67' lang='lat' dir='ltr'>„Alexanden</span> <span class='ocrx_word' id='word_1_85' title='bbox 1377 1514 1412 1568; x_wconf 89' lang='lat'>10</span> 
     </span>
     <span class='ocr_line' id='line_1_12' title="bbox 167 1602 1357 1683; baseline -0.004 -15"><span class='ocrx_word' id='word_1_86' title='bbox 167 1602 333 1683; x_wconf 87' lang='lat' dir='ltr'>quidnam</span> <span class='ocrx_word' id='word_1_87' title='bbox 359 1603 503 1667; x_wconf 89' lang='lat' dir='ltr'>huiusce</span> <span class='ocrx_word' id='word_1_88' title='bbox 530 1602 613 1666; x_wconf 80' lang='lat' dir='ltr'>facti</span> <span class='ocrx_word' id='word_1_89' title='bbox 639 1602 698 1666; x_wconf 89' lang='lat' dir='ltr'>tibi</span> <span class='ocrx_word' id='word_1_90' title='bbox 721 1603 903 1667; x_wconf 90' lang='lat' dir='ltr'>consilium</span> <span class='ocrx_word' id='word_1_91' title='bbox 924 1604 1025 1668; x_wconf 82' lang='lat' dir='ltr'>fuit?“</span> <span class='ocrx_word' id='word_1_92' title='bbox 1070 1603 1117 1666; x_wconf 90' lang='lat' dir='ltr'>At</span> <span class='ocrx_word' id='word_1_93' title='bbox 1138 1602 1194 1666; x_wconf 90' lang='lat' dir='ltr'>ille</span> <span class='ocrx_word' id='word_1_94' title='bbox 1216 1619 1357 1682; x_wconf 87' lang='lat' dir='ltr'>respon-</span> 
     </span>
     <span class='ocr_line' id='line_1_13' title="bbox 167 1710 1356 1792; baseline -0.002 -18"><span class='ocrx_word' id='word_1_95' title='bbox 167 1710 231 1775; x_wconf 88' lang='lat' dir='ltr'>dit:</span> <span class='ocrx_word' id='word_1_96' title='bbox 276 1710 594 1790; x_wconf 89' lang='lat' dir='ltr'>„Conquerendum</span> <span class='ocrx_word' id='word_1_97' title='bbox 629 1710 689 1774; x_wconf 93' lang='lat' dir='ltr'>tibi</span> <span class='ocrx_word' id='word_1_98' title='bbox 724 1720 800 1773; x_wconf 91' lang='lat' dir='ltr'>erat</span> <span class='ocrx_word' id='word_1_99' title='bbox 835 1711 877 1774; x_wconf 90' lang='lat' dir='ltr'>de</span> <span class='ocrx_word' id='word_1_100' title='bbox 920 1719 1004 1788; x_wconf 89' lang='lat' dir='ltr'>arte,</span> <span class='ocrx_word' id='word_1_101' title='bbox 1048 1728 1153 1792; x_wconf 91' lang='lat' dir='ltr'>quam</span> <span class='ocrx_word' id='word_1_102' title='bbox 1194 1727 1356 1774; x_wconf 78' lang='lat' dir='ltr'>noveras,</span> 
     </span>
     <span class='ocr_line' id='line_1_14' title="bbox 167 1816 1357 1898; baseline -0.002 -16"><span class='ocrx_word' id='word_1_103' title='bbox 167 1817 304 1898; x_wconf 90' lang='lat' dir='ltr'>Quippe</span> <span class='ocrx_word' id='word_1_104' title='bbox 326 1818 473 1896; x_wconf 89' lang='lat' dir='ltr'>nescius,</span> <span class='ocrx_word' id='word_1_105' title='bbox 497 1837 587 1898; x_wconf 89' lang='lat' dir='ltr'>quae</span> <span class='ocrx_word' id='word_1_106' title='bbox 611 1829 646 1880; x_wconf 92' lang='lat' dir='ltr'>te</span> <span class='ocrx_word' id='word_1_107' title='bbox 667 1818 907 1898; x_wconf 87' lang='lat' dir='ltr'>impenderent</span> <span class='ocrx_word' id='word_1_108' title='bbox 929 1818 1033 1896; x_wconf 86' lang='lat' dir='ltr'>humi,</span> <span class='ocrx_word' id='word_1_109' title='bbox 1060 1836 1151 1882; x_wconf 92' lang='lat' dir='ltr'>nunc</span> <span class='ocrx_word' id='word_1_110' title='bbox 1173 1816 1357 1897; x_wconf 89' lang='lat' dir='ltr'>resupinus</span> 
     </span>
    </p>

    <p class='ocr_par' dir='ltr' id='par_1_6' title="bbox 113 1925 1410 2330">
     <span class='ocr_line' id='line_1_15' title="bbox 113 1925 1356 2006; baseline 0.002 -20"><span class='ocrx_word' id='word_1_111' title='bbox 113 1933 146 1988; x_wconf 82' lang='lat'>10</span> <span class='ocrx_word' id='word_1_112' title='bbox 164 1926 286 1990; x_wconf 88' lang='lat' dir='ltr'>iacens</span> <span class='ocrx_word' id='word_1_113' title='bbox 304 1926 433 1990; x_wconf 90' lang='lat' dir='ltr'>rimare</span> <span class='ocrx_word' id='word_1_114' title='bbox 453 1944 504 2003; x_wconf 89' lang='lat' dir='ltr'>ea,</span> <span class='ocrx_word' id='word_1_115' title='bbox 525 1945 615 2006; x_wconf 88' lang='lat' dir='ltr'>quae</span> <span class='ocrx_word' id='word_1_116' title='bbox 632 1937 711 1992; x_wconf 89' lang='lat' dir='ltr'>sunt</span> <span class='ocrx_word' id='word_1_117' title='bbox 727 1925 845 1990; x_wconf 85' lang='lat' dir='ltr'>caeli.“</span> <span class='ocrx_word' id='word_1_118' title='bbox 878 1926 935 1990; x_wconf 89' lang='lat' dir='ltr'>Ad</span> <span class='ocrx_word' id='word_1_119' title='bbox 949 1927 1039 1990; x_wconf 88' lang='lat' dir='ltr'>haec</span> <span class='ocrx_word' id='word_1_120' title='bbox 1053 1943 1193 2006; x_wconf 88' lang='lat' dir='ltr'>magus:</span> <span class='ocrx_word' id='word_1_121' title='bbox 1216 1925 1356 2002; x_wconf 88' lang='lat' dir='ltr'>„Nulli,“</span> 
     </span>
     <span class='ocr_line' id='line_1_16' title="bbox 165 2033 1410 2114; baseline -0.001 -18"><span class='ocrx_word' id='word_1_122' title='bbox 165 2034 285 2114; x_wconf 90' lang='lat' dir='ltr'>inquit,</span> <span class='ocrx_word' id='word_1_123' title='bbox 318 2035 535 2111; x_wconf 84' lang='lat' dir='ltr'>„mortalium</span> <span class='ocrx_word' id='word_1_124' title='bbox 568 2043 691 2098; x_wconf 90' lang='lat' dir='ltr'>contra</span> <span class='ocrx_word' id='word_1_125' title='bbox 720 2033 832 2096; x_wconf 87' lang='lat' dir='ltr'>iatum</span> <span class='ocrx_word' id='word_1_126' title='bbox 864 2033 950 2112; x_wconf 85' lang='lat' dir='ltr'>iuga</span> <span class='ocrx_word' id='word_1_127' title='bbox 981 2033 1155 2113; x_wconf 89' lang='lat' dir='ltr'>permissa</span> <span class='ocrx_word' id='word_1_128' title='bbox 1188 2035 1270 2096; x_wconf 85' lang='lat' dir='ltr'>est.“</span> <span class='ocrx_word' id='word_1_129' title='bbox 1313 2033 1357 2096; x_wconf 90' lang='lat' dir='ltr'>Et</span> <span class='ocrx_word' id='word_1_130' title='bbox 1378 2053 1410 2106; x_wconf 82' lang='lat'>15</span> 
     </span>
     <span class='ocr_line' id='line_1_17' title="bbox 165 2139 1356 2222; baseline -0.002 -16"><span class='ocrx_word' id='word_1_131' title='bbox 165 2142 383 2206; x_wconf 84' lang='lat' dir='ltr'>Alexander:</span> <span class='ocrx_word' id='word_1_132' title='bbox 418 2141 509 2218; x_wconf 90' lang='lat' dir='ltr'>„Cur</span> <span class='ocrx_word' id='word_1_133' title='bbox 540 2142 645 2206; x_wconf 86' lang='lat' dir='ltr'>ista?“</span> <span class='ocrx_word' id='word_1_134' title='bbox 678 2140 795 2222; x_wconf 89' lang='lat' dir='ltr'>inquit.</span> <span class='ocrx_word' id='word_1_135' title='bbox 844 2140 1037 2220; x_wconf 89' lang='lat' dir='ltr'>Respondit</span> <span class='ocrx_word' id='word_1_136' title='bbox 1068 2157 1208 2220; x_wconf 86' lang='lat' dir='ltr'>magus:</span> <span class='ocrx_word' id='word_1_137' title='bbox 1245 2139 1356 2216; x_wconf 89' lang='lat' dir='ltr'>„Olim</span> 
     </span>
     <span class='ocr_line' id='line_1_18' title="bbox 165 2246 1357 2330; baseline -0.002 -16"><span class='ocrx_word' id='word_1_138' title='bbox 165 2249 294 2330; x_wconf 89' lang='lat' dir='ltr'>quippe</span> <span class='ocrx_word' id='word_1_139' title='bbox 321 2251 501 2329; x_wconf 89' lang='lat' dir='ltr'>perhanc</span> <span class='ocrx_word' id='word_1_140' title='bbox 528 2249 706 2312; x_wconf 90' lang='lat' dir='ltr'>scientiam</span> <span class='ocrx_word' id='word_1_141' title='bbox 735 2249 895 2328; x_wconf 82' lang='lat' dir='ltr'>cognovi,</span> <span class='ocrx_word' id='word_1_142' title='bbox 921 2266 978 2312; x_wconf 91' lang='lat' dir='ltr'>me</span> <span class='ocrx_word' id='word_1_143' title='bbox 1001 2247 1114 2312; x_wconf 82' lang='lat' dir='ltr'>atilio</span> <span class='ocrx_word' id='word_1_144' title='bbox 1136 2246 1357 2312; x_wconf 83' lang='lat' dir='ltr'>interiectum</span> 
     </span>
    </p>

    <p class='ocr_par' dir='ltr' id='par_1_7' title="bbox 32 2354 1411 2870">
     <span class='ocr_line' id='line_1_19' title="bbox 32 2354 1357 2435; baseline 0.002 -19"><span class='ocrx_word' id='word_1_145' title='bbox 32 2382 56 2432; x_wconf 77' lang='lat' dir='ltr'>p.</span> <span class='ocrx_word' id='word_1_146' title='bbox 68 2365 102 2417; x_wconf 79' lang='lat'>20</span> <span class='ocrx_word' id='word_1_147' title='bbox 115 2363 145 2417; x_wconf 88' lang='lat' dir='ltr'>Z.</span> <span class='ocrx_word' id='word_1_148' title='bbox 165 2357 237 2424; x_wconf 86' lang='lat' dir='ltr'>iri.“</span> <span class='ocrx_word' id='word_1_149' title='bbox 280 2357 323 2420; x_wconf 92' lang='lat' dir='ltr'>Et</span> <span class='ocrx_word' id='word_1_150' title='bbox 353 2357 555 2422; x_wconf 87' lang='lat' dir='ltr'>Alexander</span> <span class='ocrx_word' id='word_1_151' title='bbox 583 2356 644 2422; x_wconf 91' lang='lat' dir='ltr'>ait:</span> <span class='ocrx_word' id='word_1_152' title='bbox 679 2356 789 2434; x_wconf 90' lang='lat' dir='ltr'>„Num</span> <span class='ocrx_word' id='word_1_153' title='bbox 820 2374 887 2435; x_wconf 82' lang='lat' dir='ltr'>ego</span> <span class='ocrx_word' id='word_1_154' title='bbox 916 2373 994 2420; x_wconf 87' lang='lat' dir='ltr'>sum</span> <span class='ocrx_word' id='word_1_155' title='bbox 1022 2354 1114 2420; x_wconf 84' lang='lat' dir='ltr'>filius</span> <span class='ocrx_word' id='word_1_156' title='bbox 1145 2356 1263 2417; x_wconf 84' lang='lat' dir='ltr'>tuus?“</span> <span class='ocrx_word' id='word_1_157' title='bbox 1306 2355 1357 2418; x_wconf 88' lang='lat' dir='ltr'>Ita</span> 
     </span>
     <span class='ocr_line' id='line_1_20' title="bbox 166 2461 1356 2544; baseline -0.003 -16"><span class='ocrx_word' id='word_1_158' title='bbox 166 2483 247 2528; x_wconf 91' lang='lat' dir='ltr'>esse</span> <span class='ocrx_word' id='word_1_159' title='bbox 280 2464 474 2542; x_wconf 87' lang='lat' dir='ltr'>confitetur,</span> <span class='ocrx_word' id='word_1_160' title='bbox 507 2473 580 2527; x_wconf 92' lang='lat' dir='ltr'>tum</span> <span class='ocrx_word' id='word_1_161' title='bbox 612 2463 767 2544; x_wconf 81' lang='lat' dir='ltr'>Aegypti</span> <span class='ocrx_word' id='word_1_162' title='bbox 801 2463 933 2543; x_wconf 84' lang='lat' dir='ltr'>fugam,</span> <span class='ocrx_word' id='word_1_163' title='bbox 969 2472 1043 2527; x_wconf 89' lang='lat' dir='ltr'>tum</span> <span class='ocrx_word' id='word_1_164' title='bbox 1078 2461 1276 2540; x_wconf 87' lang='lat' dir='ltr'>ingressum</span> <span class='ocrx_word' id='word_1_165' title='bbox 1312 2461 1356 2525; x_wconf 92' lang='lat' dir='ltr'>ad</span> 
     </span>
     <span class='ocr_line' id='line_1_21' title="bbox 166 2568 1411 2654; baseline -0.006 -16"><span class='ocrx_word' id='word_1_166' title='bbox 166 2573 412 2654; x_wconf 86' lang='lat' dir='ltr'>Olympiadem</span> <span class='ocrx_word' id='word_1_167' title='bbox 439 2583 473 2637; x_wconf 91' lang='lat' dir='ltr'>et</span> <span class='ocrx_word' id='word_1_168' title='bbox 499 2590 649 2653; x_wconf 87' lang='lat' dir='ltr'>quanam</span> <span class='ocrx_word' id='word_1_169' title='bbox 678 2582 752 2636; x_wconf 89' lang='lat' dir='ltr'>arte</span> <span class='ocrx_word' id='word_1_170' title='bbox 778 2590 889 2637; x_wconf 89' lang='lat' dir='ltr'>uxore</span> <span class='ocrx_word' id='word_1_171' title='bbox 914 2571 958 2634; x_wconf 91' lang='lat' dir='ltr'>sit</span> <span class='ocrx_word' id='word_1_172' title='bbox 986 2570 1116 2650; x_wconf 89' lang='lat' dir='ltr'>potitus</span> <span class='ocrx_word' id='word_1_173' title='bbox 1138 2569 1184 2632; x_wconf 92' lang='lat' dir='ltr'>ad</span> <span class='ocrx_word' id='word_1_174' title='bbox 1205 2568 1355 2634; x_wconf 90' lang='lat' dir='ltr'>similitu·</span> <span class='ocrx_word' id='word_1_175' title='bbox 1375 2590 1411 2643; x_wconf 83' lang='lat'>20</span> 
     </span>
     <span class='ocr_line' id='line_1_22' title="bbox 166 2677 1356 2746; baseline -0.003 -2"><span class='ocrx_word' id='word_1_176' title='bbox 166 2680 282 2746; x_wconf 91' lang='lat' dir='ltr'>dinem</span> <span class='ocrx_word' id='word_1_177' title='bbox 305 2680 368 2744; x_wconf 88' lang='lat' dir='ltr'>dei.</span> <span class='ocrx_word' id='word_1_178' title='bbox 411 2680 454 2743; x_wconf 89' lang='lat' dir='ltr'>Et</span> <span class='ocrx_word' id='word_1_179' title='bbox 475 2681 529 2744; x_wconf 90' lang='lat' dir='ltr'>his</span> <span class='ocrx_word' id='word_1_180' title='bbox 545 2681 644 2746; x_wconf 92' lang='lat' dir='ltr'>dictis</span> <span class='ocrx_word' id='word_1_181' title='bbox 660 2681 811 2746; x_wconf 90' lang='lat' dir='ltr'>animam</span> <span class='ocrx_word' id='word_1_182' title='bbox 827 2687 1020 2744; x_wconf 89' lang='lat' dir='ltr'>exaestuat.</span> <span class='ocrx_word' id='word_1_183' title='bbox 1053 2677 1142 2742; x_wconf 89' lang='lat' dir='ltr'>Hinc</span> <span class='ocrx_word' id='word_1_184' title='bbox 1154 2677 1356 2742; x_wconf 88' lang='lat' dir='ltr'>Alexander</span> 
     </span>
     <span class='ocr_line' id='line_1_23' title="bbox 165 2785 1356 2870; baseline -0.003 -18"><span class='ocrx_word' id='word_1_185' title='bbox 165 2797 357 2870; x_wconf 86' lang='lat' dir='ltr'>comperto,</span> <span class='ocrx_word' id='word_1_186' title='bbox 380 2788 473 2868; x_wconf 92' lang='lat' dir='ltr'>quod</span> <span class='ocrx_word' id='word_1_187' title='bbox 494 2797 594 2868; x_wconf 92' lang='lat' dir='ltr'>pater</span> <span class='ocrx_word' id='word_1_188' title='bbox 615 2787 678 2852; x_wconf 90' lang='lat' dir='ltr'>sibi</span> <span class='ocrx_word' id='word_1_189' title='bbox 697 2787 811 2863; x_wconf 88' lang='lat' dir='ltr'>tuerit,</span> <span class='ocrx_word' id='word_1_190' title='bbox 834 2804 937 2867; x_wconf 91' lang='lat' dir='ltr'>quem</span> <span class='ocrx_word' id='word_1_191' title='bbox 952 2785 1184 2861; x_wconf 86' lang='lat' dir='ltr'>interfecerat,</span> <span class='ocrx_word' id='word_1_192' title='bbox 1207 2785 1356 2850; x_wconf 89' lang='lat' dir='ltr'>naturali</span> 
     </span>
    </p>

    <p class='ocr_par' dir='ltr' id='par_1_8' title="bbox 129 2892 1409 3406">
     <span class='ocr_line' id='line_1_24' title="bbox 129 2892 1355 2974; baseline 0.001 -19"><span class='ocrx_word' id='word_1_193' title='bbox 129 2896 318 2962; x_wconf 74' lang='lat' dir='ltr'>amonitus</span> <span class='ocrx_word' id='word_1_194' title='bbox 347 2895 478 2958; x_wconf 85' lang='lat' dir='ltr'>aiiectu</span> <span class='ocrx_word' id='word_1_195' title='bbox 510 2895 713 2974; x_wconf 88' lang='lat' dir='ltr'>superponit</span> <span class='ocrx_word' id='word_1_196' title='bbox 744 2893 924 2958; x_wconf 90' lang='lat' dir='ltr'>hominem</span> <span class='ocrx_word' id='word_1_197' title='bbox 955 2892 1110 2956; x_wconf 89' lang='lat' dir='ltr'>humeris</span> <span class='ocrx_word' id='word_1_198' title='bbox 1151 2892 1355 2974; x_wconf 85' lang='lat' dir='ltr'>regiamque</span> 
     </span>
     <span class='ocr_line' id='line_1_25' title="bbox 165 3001 1355 3077; baseline -0.004 -10"><span class='ocrx_word' id='word_1_199' title='bbox 165 3011 333 3068; x_wconf 89' lang='lat' dir='ltr'>revectat.</span> <span class='ocrx_word' id='word_1_200' title='bbox 366 3003 412 3068; x_wconf 92' lang='lat' dir='ltr'>Ut</span> <span class='ocrx_word' id='word_1_201' title='bbox 434 3011 550 3065; x_wconf 91' lang='lat' dir='ltr'>autem</span> <span class='ocrx_word' id='word_1_202' title='bbox 572 3019 738 3066; x_wconf 91' lang='lat' dir='ltr'>reversus</span> <span class='ocrx_word' id='word_1_203' title='bbox 761 3010 814 3064; x_wconf 88' lang='lat' dir='ltr'>est</span> <span class='ocrx_word' id='word_1_204' title='bbox 836 3001 880 3063; x_wconf 92' lang='lat' dir='ltr'>ad</span> <span class='ocrx_word' id='word_1_205' title='bbox 902 3009 1061 3077; x_wconf 89' lang='lat' dir='ltr'>matrem,</span> <span class='ocrx_word' id='word_1_206' title='bbox 1084 3011 1209 3065; x_wconf 86' lang='lat' dir='ltr'>cuncta</span> <span class='ocrx_word' id='word_1_207' title='bbox 1225 3011 1355 3077; x_wconf 89' lang='lat' dir='ltr'>narrat,</span> 
     </span>
     <span class='ocr_line' id='line_1_26' title="bbox 166 3108 1409 3192; baseline -0.005 -16"><span class='ocrx_word' id='word_1_208' title='bbox 166 3128 257 3192; x_wconf 91' lang='lat' dir='ltr'>quae</span> <span class='ocrx_word' id='word_1_209' title='bbox 272 3111 336 3174; x_wconf 88' lang='lat' dir='ltr'>sibi</span> <span class='ocrx_word' id='word_1_210' title='bbox 351 3128 516 3190; x_wconf 91' lang='lat' dir='ltr'>supremo</span> <span class='ocrx_word' id='word_1_211' title='bbox 532 3110 703 3189; x_wconf 90' lang='lat' dir='ltr'>colloquio</span> <span class='ocrx_word' id='word_1_212' title='bbox 719 3117 819 3190; x_wconf 89' lang='lat' dir='ltr'>pater</span> <span class='ocrx_word' id='word_1_213' title='bbox 835 3108 979 3172; x_wconf 90' lang='lat' dir='ltr'>dixerat.</span> <span class='ocrx_word' id='word_1_214' title='bbox 1018 3109 1135 3189; x_wconf 87' lang='lat' dir='ltr'>Atque</span> <span class='ocrx_word' id='word_1_215' title='bbox 1150 3109 1218 3172; x_wconf 90' lang='lat' dir='ltr'>hoc</span> <span class='ocrx_word' id='word_1_216' title='bbox 1232 3108 1356 3172; x_wconf 89' lang='lat' dir='ltr'>mulier</span> <span class='ocrx_word' id='word_1_217' title='bbox 1374 3129 1409 3181; x_wconf 82' lang='lat'>25</span> 
     </span>
     <span class='ocr_line' id='line_1_27' title="bbox 165 3215 1354 3296; baseline -0.001 -14"><span class='ocrx_word' id='word_1_218' title='bbox 165 3217 309 3282; x_wconf 91' lang='lat' dir='ltr'>nimium</span> <span class='ocrx_word' id='word_1_219' title='bbox 325 3218 497 3282; x_wconf 88' lang='lat' dir='ltr'>admirata</span> <span class='ocrx_word' id='word_1_220' title='bbox 510 3217 683 3294; x_wconf 88' lang='lat' dir='ltr'>indicavit,</span> <span class='ocrx_word' id='word_1_221' title='bbox 700 3217 792 3296; x_wconf 92' lang='lat' dir='ltr'>quod</span> <span class='ocrx_word' id='word_1_222' title='bbox 804 3215 904 3279; x_wconf 91' lang='lat' dir='ltr'>annis</span> <span class='ocrx_word' id='word_1_223' title='bbox 916 3215 1048 3279; x_wconf 91' lang='lat' dir='ltr'>artibus</span> <span class='ocrx_word' id='word_1_224' title='bbox 1063 3218 1140 3280; x_wconf 90' lang='lat' dir='ltr'>lusa</span> <span class='ocrx_word' id='word_1_225' title='bbox 1151 3216 1269 3294; x_wconf 87' lang='lat' dir='ltr'>probri</span> <span class='ocrx_word' id='word_1_226' title='bbox 1279 3233 1354 3281; x_wconf 89' lang='lat' dir='ltr'>rem</span> 
     </span>
     <span class='ocr_line' id='line_1_28' title="bbox 164 3323 1354 3406; baseline -0.002 -16"><span class='ocrx_word' id='word_1_227' title='bbox 164 3325 316 3390; x_wconf 82' lang='lat' dir='ltr'>iecisset.</span> <span class='ocrx_word' id='word_1_228' title='bbox 338 3325 433 3388; x_wconf 89' lang='lat' dir='ltr'>Patri</span> <span class='ocrx_word' id='word_1_229' title='bbox 448 3343 585 3406; x_wconf 91' lang='lat' dir='ltr'>quoque</span> <span class='ocrx_word' id='word_1_230' title='bbox 600 3325 691 3390; x_wconf 87' lang='lat' dir='ltr'>filius</span> <span class='ocrx_word' id='word_1_231' title='bbox 707 3325 930 3404; x_wconf 88' lang='lat' dir='ltr'>sepulchrum</span> <span class='ocrx_word' id='word_1_232' title='bbox 947 3323 1047 3404; x_wconf 84' lang='lat' dir='ltr'>erigit</span> <span class='ocrx_word' id='word_1_233' title='bbox 1059 3323 1354 3402; x_wconf 85' lang='lat' dir='ltr'>operosissimum.</span> 
     </span>
    </p>

    <p class='ocr_par' dir='ltr' id='par_1_9' title="bbox 113 3430 1356 3620">
     <span class='ocr_line' id='line_1_29' title="bbox 113 3430 1356 3512; baseline -0.003 -14"><span class='ocrx_word' id='word_1_234' title='bbox 113 3447 146 3498; x_wconf 88' lang='lat'>10</span> <span class='ocrx_word' id='word_1_235' title='bbox 251 3434 296 3496; x_wconf 82' lang='lat'>15.</span> <span class='ocrx_word' id='word_1_236' title='bbox 320 3433 409 3512; x_wconf 84' lang='lat' dir='ltr'>[Val.</span> <span class='ocrx_word' id='word_1_237' title='bbox 424 3434 469 3510; x_wconf 89' lang='lat'>16,</span> <span class='ocrx_word' id='word_1_238' title='bbox 484 3434 543 3510; x_wconf 76' lang='lat' dir='ltr'>lh]</span> <span class='ocrx_word' id='word_1_239' title='bbox 570 3432 758 3495; x_wconf 91' lang='lat' dir='ltr'>Enimvero</span> <span class='ocrx_word' id='word_1_240' title='bbox 770 3431 949 3512; x_wconf 91' lang='lat' dir='ltr'>Philippus</span> <span class='ocrx_word' id='word_1_241' title='bbox 961 3431 1120 3510; x_wconf 86' lang='lat' dir='ltr'>Delphos</span> <span class='ocrx_word' id='word_1_242' title='bbox 1132 3430 1234 3494; x_wconf 92' lang='lat' dir='ltr'>mittit</span> <span class='ocrx_word' id='word_1_243' title='bbox 1250 3449 1356 3510; x_wconf 88' lang='lat' dir='ltr'>super</span> 
     </span>
     <span class='ocr_line' id='line_1_30' title="bbox 165 3538 1355 3620; baseline -0.002 -18"><span class='ocrx_word' id='word_1_244' title='bbox 165 3539 265 3620; x_wconf 88' lang='lat' dir='ltr'>regni</span> <span class='ocrx_word' id='word_1_245' title='bbox 281 3539 335 3602; x_wconf 91' lang='lat' dir='ltr'>sui</span> <span class='ocrx_word' id='word_1_246' title='bbox 349 3539 516 3602; x_wconf 92' lang='lat' dir='ltr'>sollicitus</span> <span class='ocrx_word' id='word_1_247' title='bbox 532 3557 747 3617; x_wconf 89' lang='lat' dir='ltr'>successore,</span> <span class='ocrx_word' id='word_1_248' title='bbox 769 3556 1047 3618; x_wconf 90' lang='lat' dir='ltr'>responsumque</span> <span class='ocrx_word' id='word_1_249' title='bbox 1063 3539 1197 3618; x_wconf 89' lang='lat' dir='ltr'>accepit</span> <span class='ocrx_word' id='word_1_250' title='bbox 1214 3538 1248 3601; x_wconf 92' lang='lat' dir='ltr'>in</span> <span class='ocrx_word' id='word_1_251' title='bbox 1263 3540 1355 3602; x_wconf 89' lang='lat' dir='ltr'>hunc</span> 
     </span>
    </p>
   </div>
   <div class='ocr_carea' id='block_1_3' title="bbox 162 3827 1355 4617">
    <p class='ocr_par' dir='ltr' id='par_1_10' title="bbox 162 3827 1355 4617">
     <span class='ocr_line' id='line_1_31' title="bbox 165 3827 1353 3898; baseline -0.004 -14"><span class='ocrx_word' id='word_1_252' title='bbox 165 3829 179 3884; x_wconf 92' lang='lat'>1</span> <span class='ocrx_word' id='word_1_253' title='bbox 200 3845 389 3898; x_wconf 88' lang='lat' dir='ltr'>possumusne</span> <span class='ocrx_word' id='word_1_254' title='bbox 409 3829 455 3883; x_wconf 89' lang='lat' dir='ltr'>SO</span> <span class='ocrx_word' id='word_1_255' title='bbox 480 3845 629 3896; x_wconf 88' lang='lat' dir='ltr'>possumus</span> <span class='ocrx_word' id='word_1_256' title='bbox 649 3828 676 3880; x_wconf 92' lang='lat' dir='ltr'>M</span> <span class='ocrx_word' id='word_1_257' title='bbox 695 3827 765 3896; x_wconf 81' lang='lat' dir='ltr'>tVtg)</span> <span class='ocrx_word' id='word_1_258' title='bbox 791 3843 943 3896; x_wconf 85' lang='lat' dir='ltr'>possumne</span> <span class='ocrx_word' id='word_1_259' title='bbox 964 3832 1004 3892; x_wconf 87' lang='grc' dir='ltr'>αβ</span> <span class='ocrx_word' id='word_1_260' title='bbox 1025 3827 1094 3897; x_wconf 83' lang='lat' dir='ltr'>(Vp),</span> <span class='ocrx_word' id='word_1_261' title='bbox 1115 3830 1151 3894; x_wconf 79' lang='lat' dir='ltr'>cf.</span> <span class='ocrx_word' id='word_1_262' title='bbox 1174 3829 1247 3882; x_wconf 75' lang='lat' dir='ltr'>Ado.</span> <span class='ocrx_word' id='word_1_263' title='bbox 1267 3830 1328 3880; x_wconf 83' lang='lat' dir='ltr'>crit.</span> <span class='ocrx_word' id='word_1_264' title='bbox 1350 3829 1353 3898; x_wconf 84' lang='grc' dir='ltr'>Ι</span> 
     </span>
     <span class='ocr_line' id='line_1_32' title="bbox 164 3915 1353 3988; baseline -0.002 -14"><span class='ocrx_word' id='word_1_265' title='bbox 164 3918 246 3987; x_wconf 84' lang='lat' dir='ltr'>istas]</span> <span class='ocrx_word' id='word_1_266' title='bbox 273 3919 328 3974; x_wconf 85' lang='lat' dir='ltr'>ista</span> <span class='ocrx_word' id='word_1_267' title='bbox 351 3920 378 3971; x_wconf 90' lang='lat' dir='ltr'><strong>M</strong></span> <span class='ocrx_word' id='word_1_268' title='bbox 401 3916 404 3986; x_wconf 95' lang='grc' dir='ltr'>Ι</span> <span class='ocrx_word' id='word_1_269' title='bbox 444 3919 461 3974; x_wconf 99' lang='grc'>2</span> <span class='ocrx_word' id='word_1_270' title='bbox 487 3923 597 3986; x_wconf 88' lang='lat' dir='ltr'>tempus</span> <span class='ocrx_word' id='word_1_271' title='bbox 623 3917 718 3986; x_wconf 80' lang='lat' dir='ltr'>exigit]</span> <span class='ocrx_word' id='word_1_272' title='bbox 747 3919 784 3972; x_wconf 87' lang='lat' dir='ltr'>ite</span> <span class='ocrx_word' id='word_1_273' title='bbox 809 3918 882 3986; x_wconf 83' lang='lat' dir='ltr'>exigi</span> <span class='ocrx_word' id='word_1_274' title='bbox 907 3919 933 3970; x_wconf 91' lang='lat' dir='ltr'>M</span> <span class='ocrx_word' id='word_1_275' title='bbox 961 3918 1029 3972; x_wconf 84' lang='lat' dir='ltr'>exiit</span> <span class='ocrx_word' id='word_1_276' title='bbox 1054 3919 1071 3972; x_wconf 99' lang='lat' dir='ltr'>S</span> <span class='ocrx_word' id='word_1_277' title='bbox 1098 3917 1101 3988; x_wconf 92' lang='grc' dir='ltr'>Ι</span> <span class='ocrx_word' id='word_1_278' title='bbox 1141 3936 1290 3988; x_wconf 88' lang='lat' dir='ltr'>vesperum</span> <span class='ocrx_word' id='word_1_279' title='bbox 1315 3915 1353 3988; x_wconf 89' lang='grc' dir='ltr'>βΙ</span> 
     </span>
     <span class='ocr_line' id='line_1_33' title="bbox 163 4007 1355 4079; baseline -0.002 -17"><span class='ocrx_word' id='word_1_280' title='bbox 163 4010 359 4064; x_wconf 84' lang='lat' dir='ltr'>3advenerat</span> <span class='ocrx_word' id='word_1_281' title='bbox 379 4008 393 4069; x_wconf 82' lang='grc' dir='ltr'><strong>β</strong></span> <span class='ocrx_word' id='word_1_282' title='bbox 416 4007 419 4079; x_wconf 97' lang='grc' dir='ltr'>Ι</span> <span class='ocrx_word' id='word_1_283' title='bbox 459 4009 627 4078; x_wconf 83' lang='lat' dir='ltr'>boppidum</span> <span class='ocrx_word' id='word_1_284' title='bbox 648 4008 729 4068; x_wconf 84' lang='grc' dir='ltr'>ΟΜβ</span> <span class='ocrx_word' id='word_1_285' title='bbox 749 4007 864 4076; x_wconf 90' lang='lat' dir='ltr'>opidum</span> <span class='ocrx_word' id='word_1_286' title='bbox 884 4009 937 4074; x_wconf 84' lang='lat' dir='ltr'>So,</span> <span class='ocrx_word' id='word_1_287' title='bbox 962 4011 1072 4061; x_wconf 73' lang='lat' dir='ltr'>cora-emi</span> <span class='ocrx_word' id='word_1_288' title='bbox 1092 4026 1124 4062; x_wconf 78' lang='lat' dir='ltr'>eo</span> <span class='ocrx_word' id='word_1_289' title='bbox 1148 4009 1206 4063; x_wconf 81' lang='lat' dir='ltr'>Vol.</span> <span class='ocrx_word' id='word_1_290' title='bbox 1230 4008 1233 4078; x_wconf 95' lang='grc' dir='ltr'>Ι</span> <span class='ocrx_word' id='word_1_291' title='bbox 1271 4010 1355 4062; x_wconf 88' lang='lat' dir='ltr'>8ve·</span> 
     </span>
     <span class='ocr_line' id='line_1_34' title="bbox 163 4096 1355 4169; baseline 0 -17"><span class='ocrx_word' id='word_1_292' title='bbox 163 4099 246 4154; x_wconf 85' lang='lat' dir='ltr'>niens</span> <span class='ocrx_word' id='word_1_293' title='bbox 267 4101 282 4162; x_wconf 90' lang='grc' dir='ltr'><strong>β</strong></span> <span class='ocrx_word' id='word_1_294' title='bbox 300 4098 353 4167; x_wconf 87' lang='lat' dir='ltr'>(Vt)</span> <span class='ocrx_word' id='word_1_295' title='bbox 380 4096 383 4169; x_wconf 92' lang='grc' dir='ltr'>Ι</span> <span class='ocrx_word' id='word_1_296' title='bbox 428 4098 599 4154; x_wconf 70' lang='lat' dir='ltr'>SloetaliS</span> <span class='ocrx_word' id='word_1_297' title='bbox 627 4097 629 4167; x_wconf 98' lang='grc' dir='ltr'>Ι</span> <span class='ocrx_word' id='word_1_298' title='bbox 674 4098 712 4152; x_wconf 89' lang='lat' dir='ltr'>mi</span> <span class='ocrx_word' id='word_1_299' title='bbox 732 4115 766 4150; x_wconf 77' lang='lat' dir='ltr'>en</span> <span class='ocrx_word' id='word_1_300' title='bbox 785 4097 870 4152; x_wconf 88' lang='lat' dir='ltr'>miltri</span> <span class='ocrx_word' id='word_1_301' title='bbox 891 4097 1004 4152; x_wconf 60' lang='lat' dir='ltr'>corno</span> <span class='ocrx_word' id='word_1_302' title='bbox 1031 4096 1034 4168; x_wconf 86' lang='grc' dir='ltr'>Ι</span> <span class='ocrx_word' id='word_1_303' title='bbox 1080 4100 1113 4152; x_wconf 89' lang='grc'>12</span> <span class='ocrx_word' id='word_1_304' title='bbox 1134 4098 1355 4166; x_wconf 88' lang='lat' dir='ltr'>conquirendum</span> 
     </span>
     <span class='ocr_line' id='line_1_35' title="bbox 164 4183 1355 4258; baseline -0.005 -14"><span class='ocrx_word' id='word_1_305' title='bbox 164 4186 285 4258; x_wconf 81' lang='grc' dir='ltr'>8οαβΙ</span> <span class='ocrx_word' id='word_1_306' title='bbox 325 4189 359 4242; x_wconf 85' lang='grc'>13</span> <span class='ocrx_word' id='word_1_307' title='bbox 377 4188 515 4242; x_wconf 88' lang='lat' dir='ltr'>necuisS</span> <span class='ocrx_word' id='word_1_308' title='bbox 543 4187 545 4258; x_wconf 95' lang='grc' dir='ltr'>Ι</span> <span class='ocrx_word' id='word_1_309' title='bbox 591 4187 826 4256; x_wconf 87' lang='lat' dir='ltr'>imponderentS</span> <span class='ocrx_word' id='word_1_310' title='bbox 854 4187 1023 4256; x_wconf 82' lang='lat' dir='ltr'>impedirent</span> <span class='ocrx_word' id='word_1_311' title='bbox 1047 4188 1233 4256; x_wconf 86' lang='lat' dir='ltr'>(impellerent</span> <span class='ocrx_word' id='word_1_312' title='bbox 1252 4205 1273 4239; x_wconf 78' lang='lat' dir='ltr'>s.</span> <span class='ocrx_word' id='word_1_313' title='bbox 1294 4189 1312 4238; x_wconf 84' lang='lat' dir='ltr'>l.</span> <span class='ocrx_word' id='word_1_314' title='bbox 1332 4183 1355 4251; x_wconf 88' lang='grc' dir='ltr'>β)</span> 
     </span>
     <span class='ocr_line' id='line_1_36' title="bbox 163 4274 1353 4348; baseline 0 -16"><span class='ocrx_word' id='word_1_315' title='bbox 163 4277 212 4340; x_wconf 85' lang='grc' dir='ltr'>Μβ</span> <span class='ocrx_word' id='word_1_316' title='bbox 241 4277 244 4348; x_wconf 96' lang='grc' dir='ltr'>Ι</span> <span class='ocrx_word' id='word_1_317' title='bbox 291 4278 441 4346; x_wconf 89' lang='lat' dir='ltr'>resopinus</span> <span class='ocrx_word' id='word_1_318' title='bbox 466 4278 484 4332; x_wconf 92' lang='lat' dir='ltr'>S</span> <span class='ocrx_word' id='word_1_319' title='bbox 513 4278 516 4348; x_wconf 95' lang='grc' dir='ltr'>Ι</span> <span class='ocrx_word' id='word_1_320' title='bbox 564 4278 729 4332; x_wconf 70' lang='lat' dir='ltr'>tutatores</span> <span class='ocrx_word' id='word_1_321' title='bbox 754 4280 780 4331; x_wconf 92' lang='lat' dir='ltr'>M</span> <span class='ocrx_word' id='word_1_322' title='bbox 810 4276 813 4347; x_wconf 97' lang='grc' dir='ltr'>Ι</span> <span class='ocrx_word' id='word_1_323' title='bbox 859 4279 894 4330; x_wconf 89' lang='grc'>20</span> <span class='ocrx_word' id='word_1_324' title='bbox 920 4279 1053 4346; x_wconf 88' lang='lat' dir='ltr'>quianam</span> <span class='ocrx_word' id='word_1_325' title='bbox 1078 4279 1096 4334; x_wconf 88' lang='lat' dir='ltr'>S</span> <span class='ocrx_word' id='word_1_326' title='bbox 1124 4276 1128 4348; x_wconf 96' lang='grc' dir='ltr'>Ι</span> <span class='ocrx_word' id='word_1_327' title='bbox 1174 4280 1207 4332; x_wconf 90' lang='grc'>21</span> <span class='ocrx_word' id='word_1_328' title='bbox 1232 4277 1287 4332; x_wconf 89' lang='lat' dir='ltr'>diei</span> <span class='ocrx_word' id='word_1_329' title='bbox 1310 4274 1353 4346; x_wconf 67' lang='lat' dir='ltr'>Sl</span> 
     </span>
     <span class='ocr_line' id='line_1_37' title="bbox 162 4365 1355 4438; baseline -0.003 -14"><span class='ocrx_word' id='word_1_330' title='bbox 162 4368 215 4424; x_wconf 87' lang='lat' dir='ltr'>Hic</span> <span class='ocrx_word' id='word_1_331' title='bbox 231 4367 252 4422; x_wconf 92' lang='grc' dir='ltr'>Ο</span> <span class='ocrx_word' id='word_1_332' title='bbox 266 4367 320 4436; x_wconf 88' lang='lat' dir='ltr'>(Vt)</span> <span class='ocrx_word' id='word_1_333' title='bbox 336 4365 339 4438; x_wconf 97' lang='grc' dir='ltr'>Ι</span> <span class='ocrx_word' id='word_1_334' title='bbox 365 4368 399 4423; x_wconf 88' lang='grc'>22</span> <span class='ocrx_word' id='word_1_335' title='bbox 419 4367 591 4422; x_wconf 74' lang='lat' dir='ltr'>interficeret</span> <span class='ocrx_word' id='word_1_336' title='bbox 604 4369 622 4424; x_wconf 90' lang='lat' dir='ltr'>S</span> <span class='ocrx_word' id='word_1_337' title='bbox 638 4366 641 4437; x_wconf 96' lang='grc' dir='ltr'>Ι</span> <span class='ocrx_word' id='word_1_338' title='bbox 663 4369 698 4422; x_wconf 84' lang='grc'>23</span> <span class='ocrx_word' id='word_1_339' title='bbox 711 4368 836 4422; x_wconf 89' lang='lat' dir='ltr'>monitus</span> <span class='ocrx_word' id='word_1_340' title='bbox 850 4385 883 4419; x_wconf 76' lang='lat' dir='ltr'>en</span> <span class='ocrx_word' id='word_1_341' title='bbox 896 4373 989 4422; x_wconf 90' lang='lat' dir='ltr'>motus</span> <span class='ocrx_word' id='word_1_342' title='bbox 1004 4385 1075 4420; x_wconf 82' lang='lat' dir='ltr'>corr.</span> <span class='ocrx_word' id='word_1_343' title='bbox 1089 4368 1115 4422; x_wconf 86' lang='lat' dir='ltr'>lt</span> <span class='ocrx_word' id='word_1_344' title='bbox 1131 4365 1134 4436; x_wconf 95' lang='grc' dir='ltr'>Ι</span> <span class='ocrx_word' id='word_1_345' title='bbox 1156 4369 1190 4422; x_wconf 81' lang='grc'>25</span> <span class='ocrx_word' id='word_1_346' title='bbox 1204 4383 1355 4436; x_wconf 86' lang='lat' dir='ltr'>suppremo</span> 
     </span>
     <span class='ocr_line' id='line_1_38' title="bbox 163 4453 1352 4527; baseline -0.002 -16"><span class='ocrx_word' id='word_1_347' title='bbox 163 4456 258 4526; x_wconf 73' lang='lat' dir='ltr'>Oth)</span> <span class='ocrx_word' id='word_1_348' title='bbox 275 4455 278 4527; x_wconf 95' lang='grc' dir='ltr'>Ι</span> <span class='ocrx_word' id='word_1_349' title='bbox 313 4457 347 4510; x_wconf 93' lang='grc'>26</span> <span class='ocrx_word' id='word_1_350' title='bbox 363 4457 438 4524; x_wconf 88' lang='lat' dir='ltr'>quod</span> <span class='ocrx_word' id='word_1_351' title='bbox 452 4460 493 4512; x_wconf 86' lang='lat' dir='ltr'>tot</span> <span class='ocrx_word' id='word_1_352' title='bbox 506 4455 589 4512; x_wconf 89' lang='lat' dir='ltr'>annis</span> <span class='ocrx_word' id='word_1_353' title='bbox 600 4458 640 4525; x_wconf 87' lang='lat' dir='ltr'>Vp</span> <span class='ocrx_word' id='word_1_354' title='bbox 656 4457 730 4524; x_wconf 90' lang='lat' dir='ltr'>quod</span> <span class='ocrx_word' id='word_1_355' title='bbox 744 4457 827 4510; x_wconf 82' lang='lat' dir='ltr'>vanis</span> <span class='ocrx_word' id='word_1_356' title='bbox 840 4457 882 4523; x_wconf 80' lang='lat' dir='ltr'>Vt,</span> <span class='ocrx_word' id='word_1_357' title='bbox 897 4457 932 4521; x_wconf 80' lang='lat' dir='ltr'>cf.</span> <span class='ocrx_word' id='word_1_358' title='bbox 943 4457 1015 4510; x_wconf 75' lang='lat' dir='ltr'>Adri.</span> <span class='ocrx_word' id='word_1_359' title='bbox 1027 4458 1087 4511; x_wconf 78' lang='lat' dir='ltr'>crit.</span> <span class='ocrx_word' id='word_1_360' title='bbox 1104 4454 1107 4526; x_wconf 92' lang='grc' dir='ltr'>Ι</span> <span class='ocrx_word' id='word_1_361' title='bbox 1141 4455 1240 4510; x_wconf 86' lang='lat' dir='ltr'>delusa</span> <span class='ocrx_word' id='word_1_362' title='bbox 1253 4453 1352 4524; x_wconf 76' lang='lat' dir='ltr'>o(Vg)l</span> 
     </span>
     <span class='ocr_line' id='line_1_39' title="bbox 163 4543 1239 4617; baseline -0.001 -16"><span class='ocrx_word' id='word_1_363' title='bbox 163 4545 298 4616; x_wconf 89' lang='lat' dir='ltr'>obprobri</span> <span class='ocrx_word' id='word_1_364' title='bbox 318 4562 335 4598; x_wconf 89' lang='grc' dir='ltr'>α</span> <span class='ocrx_word' id='word_1_365' title='bbox 357 4543 360 4616; x_wconf 96' lang='grc' dir='ltr'>Ι</span> <span class='ocrx_word' id='word_1_366' title='bbox 399 4547 433 4599; x_wconf 89' lang='grc'>27</span> <span class='ocrx_word' id='word_1_367' title='bbox 454 4546 685 4614; x_wconf 87' lang='lat' dir='ltr'>operosissimum</span> <span class='ocrx_word' id='word_1_368' title='bbox 705 4547 885 4615; x_wconf 85' lang='lat' dir='ltr'>sepulchrum</span> <span class='ocrx_word' id='word_1_369' title='bbox 905 4547 990 4614; x_wconf 84' lang='lat' dir='ltr'>exigit</span> <span class='ocrx_word' id='word_1_370' title='bbox 1010 4546 1031 4599; x_wconf 91' lang='lat'>0</span> <span class='ocrx_word' id='word_1_371' title='bbox 1049 4547 1052 4614; x_wconf 96' lang='grc' dir='ltr'>Ι</span> <span class='ocrx_word' id='word_1_372' title='bbox 1088 4545 1176 4614; x_wconf 85' lang='lat' dir='ltr'>eregit</span> <span class='ocrx_word' id='word_1_373' title='bbox 1195 4546 1214 4600; x_wconf 88' lang='lat' dir='ltr'>S</span> <span class='ocrx_word' id='word_1_374' title='bbox 1236 4545 1239 4617; x_wconf 96' lang='grc' dir='ltr'>Ι</span> 
     </span>
    </p>
   </div>
   <div class='ocr_carea' id='block_1_4' title="bbox 0 0 1620 5114">
    <p class='ocr_par' dir='ltr' id='par_1_11' title="bbox 0 0 1620 5114">
     <span class='ocr_line' id='line_1_40' title="bbox 0 0 1620 5114; baseline 0 0"><span class='ocrx_word' id='word_1_375' title='bbox 0 0 1620 5114; x_wconf 95' lang='lat' dir='ltr'> </span> 
     </span>
    </p>
   </div>
  </div>
 </body>
</html>
