3232 5114
493 591 495 598 v
535 561 614 624 Val.
1162 560 1213 623 Oi.

397 669 519 746 120,18
540 685 625 748 ergo
811 643 818 662 ¹
1015 669 1118 746 40,12
1140 688 1205 732 om.

397 777 463 854 120,
479 778 518 846 25
537 795 582 840 an
1013 778 1061 855 40,
1080 778 1116 840 15
1138 794 1242 857 quam
1254 777 1275 855 ²)

397 885 499 961 121,4
541 903 585 947 ex
606 884 673 946 alio
1014 885 1063 962 40,
1086 887 1119 947 17
1142 885 1246 947 etiam

396 993 498 1070 121,8
539 1003 573 1056 11
594 993 629 1056 id
651 993 745 1057 addit
1014 995 1114 1072 41121
1140 992 1235 1055 addit
1257 991 1360 1054 etiam

396 1100 518 1177 122,15
540 1099 631 1162 enim
1013 1102 1062 1178 41,
1077 1101 1117 1163 25
1138 1101 1326 1162 enimvero,

393 1209 486 1269 Inter
513 1207 591 1270 Val.
618 1207 667 1282 24,
693 1207 822 1286 22-28,
852 1208 889 1270 12
917 1218 952 1271 11
980 1208 1167 1287 epitomum
1198 1208 1243 1283 14,
1269 1205 1396 1285 12-16,
1422 1207 1470 1283 12,

286 1316 408 1395 quibus
429 1316 570 1379 11111115
593 1317 737 1378 eaedem
759 1334 816 1379 res
837 1326 1031 1393 narrantur,
1053 1317 1137 1378 hae:

462 1461 464 1466 -
517 1423 595 1485 Val.
1150 1423 1185 1485 Z.

284 1531 332 1608 24,
347 1531 387 1593 22
409 1531 500 1593 enim
522 1530 580 1610 qui
923 1532 969 1620 14,
988 1531 1024 1593 12
1045 1531 1103 1610 qui
1124 1540 1241 1593 autem

283 1638 332 1715 25,
351 1639 383 1701 11
407 1639 456 1701 At
477 1621 627 1718 egotibi
921 1638 968 1714 11,
983 1637 1023 1700 20
1044 1639 1114 1701 iam
1136 1637 1195 1701 noi

283 1746 461 1824 25151115
484 1745 582 1809 dictis
921 1747 966 1823 14,
982 1745 1018 1808 21
1044 1755 1078 1808 11
1099 1746 1153 1809 his
1175 1745 1275 1808 dictis

283 1853 387 1930 25,18
409 1853 536 1915 etenim
557 1854 635 1932 ipsa
655 1853 815 1933 quamvis
924 1853 1255 1933 14231241111111115
1278 1853 1368 1916 enim
1389 1853 1468 1933 ipsa

283 1962 331 2039 25,
347 1963 387 2024 24
407 1973 481 2025 tum
922 1961 1022 2032 1427
1045 1971 1079 2024 11

282 2069 362 2146 26,1
406 2069 510 2149 igitur
922 2071 1000 2146 15,1
1024 2069 1128 2150 igitur
1150 2088 1215 2132 om.

282 2177 366 2254 26,9
407 2186 443 2239 11
463 2176 517 2239 his
538 2176 648 2239 ferme
671 2177 792 2240 diebus
922 2178 1003 2254 15,5
1025 2186 1060 2240 at
1082 2196 1148 2241 om.

282 2284 385 2360 26,17
408 2286 471 2347 sed
492 2285 584 2348 enim
605 2303 684 2348 cum
922 2288 1019 2363 15,11
1045 2288 1127 2348 dum
1148 2285 1253 2365 igitur

281 2392 361 2470 27,1
406 2403 479 2456 tum
500 2393 604 2473 igitur
696 2431 698 2438 ‹
921 2394 1022 2469 15,19
1044 2393 1148 2473 igitur

281 2501 329 2577 27,
348 2500 385 2563 12
405 2500 510 2580 igitur
525 2519 604 2563 cum
615 2500 729 2564 vicina
743 2517 864 2564 rursus
919 2502 964 2577 15,
980 2500 1020 2562 23
1040 2500 1174 2563 interea
1215 2502 1297 2563 dum
1339 2518 1463 2564 rursus

1088 2608 1203 2671 vicina

280 2717 328 2793 27,
344 2717 380 2779 21
405 2717 502 2780 cuius
524 2717 612 2778 adeo
920 2716 1001 2790 16‚2
1043 2717 1140 2779 cuius
1161 2717 1232 2779 iam

280 2823 362 2900 28,7
406 2840 553 2902 eumque
575 2841 653 2885 cum
846 2883 848 2888 ,
921 2824 1001 2900 16,9
1044 2842 1190 2904 cumque
1213 2841 1301 2886 eum.

387 2932 441 2993 Ex
466 2931 520 2993 his
548 2931 717 3010 exemplis
743 2931 827 2994 satis
857 2933 1049 2994 luculenter
1080 2931 1288 3011 perspicitur
1316 2932 1399 2994 Zet
1419 2929 1462 2993 Oi

279 3041 368 3103 inter
389 3059 428 3102 se
449 3057 593 3119 prorsus
616 3057 694 3114 esse
716 3039 886 3102 diversos:

387 3147 424 3209 In
446 3147 629 3210 enuntiatis
651 3147 735 3226 ipsis
756 3147 974 3227 Epitomator
992 3147 1043 3226 (Z)
1065 3164 1236 3226 persaepe
1258 3164 1322 3226 pro
1343 3145 1460 3208 verbis

279 3274 300 3318 a
314 3255 456 3317 Valerio
471 3254 646 3333 usurpatis
662 3254 738 3331 alia,
758 3271 847 3333 quae
869 3253 960 3316 idem
982 3253 1188 3333 significant,
1204 3255 1378 3317 substituit
1393 3254 1461 3316 hoc

278 3379 394 3436 unum,
410 3371 504 3442 put0,
521 3372 693 3441 spectans
707 3370 746 3424 ut
761 3360 888 3440 aliquid
909 3361 1117 3424 immutaret.
1140 3361 1246 3424 Cuius
1267 3361 1327 3438 rei,
1343 3378 1459 3441 quam-

278 3487 383 3549 quam
393 3468 428 3531 in
440 3469 563 3548 quavis
574 3469 648 3532 fere
661 3469 790 3549 pagina
800 3469 1018 3548 conspicitur,
1030 3486 1143 3548 pauca
1157 3468 1269 3532 affero
1281 3472 1458 3548 exempla:

532 3578 611 3640 Val.
711 3639 714 3646 ,
1144 3578 1233 3657 Epit.

404 3687 465 3762 3,1
509 3685 616 3748 refert
1058 3687 1121 3763 3,5
1162 3685 1210 3748 ait

404 3794 487 3869 6,16
508 3793 689 3872 professus
711 3804 764 3857 151
1059 3796 1087 3871 5,
1103 3794 1144 3856 24
1164 3793 1343 3872 respondit

387 3902 432 3978 15,
448 3901 488 3963 22
509 3901 666 3964 videram
1039 3903 1084 3979 11,
1103 3903 1139 3964 17
1161 3901 1312 3981 cognovi

386 4009 706 4088 19,14adpe11ebat
1042 4010 1123 4086 12,6
1164 4011 1292 4089 agebat

386 4117 487 4194 19,18
508 4119 703 4195 appellatus
725 4124 779 4178 est
1041 4117 1121 4194 12,9
1143 4118 1255 4179 dictus
1277 4126 1330 4180 est

383 4226 432 4302 48,
447 4225 487 4288 23
507 4244 577 4289 non
600 4235 715 4305 potest
1041 4226 1142 4302 19,19
1164 4225 1281 4305 nequit

384 4451 404 4520 ¹)
424 4451 466 4504 Cf.
487 4452 563 4506 Adn.
584 4451 646 4504 crit.
668 4458 697 4502 11
717 4450 905 4519 Corrigenda.
