3232 5114
523 1174 535 1224 l
651 1231 875 1313 Praefatio

279 1405 457 1466 Autumno
484 1403 565 1466 anni
593 1404 667 1466 1901
697 1420 776 1465 cum
801 1403 836 1466 in
858 1403 1035 1466 Britannia
1057 1421 1181 1481 essem,
1204 1403 1353 1466 Ricardo

169 1512 413 1588 Reitzenstein,
438 1519 668 1591 praeceptore
693 1510 885 1573 clarissimo
908 1519 941 1574 et
964 1529 1050 1590 erga
1070 1529 1126 1574 me
1147 1512 1354 1574 benevolen-

169 1622 314 1698 tissim0,
337 1622 498 1683 hortante
519 1619 692 1700 Oxonium
714 1636 770 1681 me
792 1618 929 1696 contuli,
952 1628 989 1681 ut
1011 1619 1166 1681 codicem
1189 1617 1354 1696 Corporis

171 1729 299 1792 Christi
321 1726 467 1807 Collegii
487 1727 536 1803 82,
566 1745 634 1806 quo
656 1735 796 1805 praeter
817 1735 935 1788 cetera
956 1727 1029 1789 Iulii
1050 1725 1181 1789 Valerii
1203 1725 1354 1804 epitoma

170 1835 374 1912 continetur,
396 1834 614 1913 inspicerem.
653 1833 723 1896 Sed
743 1834 911 1912 temporis
935 1834 1103 1914 angustiis
1125 1851 1268 1913 pressus
1290 1851 1355 1896 nec

170 1943 256 2006 satis
292 1942 326 2004 in
358 1941 515 2021 legendis
550 1950 710 2003 veterum
745 1940 954 2020 scriptorum
986 1941 1161 2005 codicibus
1192 1950 1355 2003 versatus

168 2053 295 2116 librum
323 2069 429 2114 manu
458 2049 625 2129 scriptum
651 2059 722 2111 non
748 2051 939 2128 perlegere,
967 2050 1096 2114 nedum
1124 2048 1355 2112 transcribere

170 2159 276 2240 potui.
298 2159 488 2238 Postquam
511 2157 786 2236 Argentoratum
806 2157 900 2233 redii,
924 2157 1191 2220 Reitzensteinio
1213 2157 1357 2220 interce-

172 2266 453 2346 dente‘singulari
464 2263 676 2343 benignitate
688 2281 819 2340 eorum,
838 2264 896 2343 qui
906 2263 1136 2327 bibliothecae
1145 2264 1356 2326 Bodleianae

169 2384 348 2456 praesunt,
375 2373 525 2453 quinque
538 2373 558 2450 ¹)
581 2372 683 2434 huius
712 2371 840 2434 codicis
862 2372 1075 2450 phototypos
1097 2372 1245 2450 adeptus
1268 2389 1354 2435 sum.

173 2483 270 2560 Quos
286 2500 365 2544 cum
380 2480 549 2543 curiosius
563 2479 804 2560 inspexissem,
816 2498 887 2542 non
899 2489 978 2542 acta
989 2496 1095 2558 agere
1107 2479 1190 2542 mihi
1202 2479 1355 2555 videbar,

174 2592 203 2653 si
228 2593 319 2654 hanc
345 2591 586 2658 recensionem
612 2596 794 2674 epitomae,
817 2604 936 2675 utpote
963 2595 1178 2658 Zacheriana
1204 2595 1357 2674 epitoma

172 2700 375 2779 longiorem,
404 2703 554 2766 ederem.
586 2704 681 2766 Vere
706 2703 810 2782 igitur
835 2703 1047 2783 insequentis
1076 2703 1156 2764 anni
1183 2703 1356 2766 Oxonium

172 2807 242 2869 iam
256 2809 456 2873 melioribus
472 2811 632 2874 subsidiis
646 2811 834 2873 instructus
848 2811 970 2890 repetii
984 2811 1156 2890 integram
1169 2810 1356 2889 epitomam

173 2917 455 2997 transcripturus.

283 3025 420 3088 Codicis
435 3025 643 3089 Oxoniensis
659 3062 695 3071 -
710 3027 745 3088 in
761 3025 984 3105 sequentibus
1001 3025 1029 3087 O
1046 3027 1122 3088 dico
1137 3063 1177 3068 —
1192 3025 1356 3105 Corporis

175 3131 303 3195 Christi
339 3133 485 3214 Collegii
523 3135 563 3197 82
599 3133 829 3212 descriptioni,
865 3151 954 3212 quae
989 3134 1024 3197 in
1061 3134 1159 3197 Coxii
1195 3135 1356 3213 catalogo

173 3239 310 3316 (Oxonii
339 3242 417 3304 1852
442 3240 539 3306 Tom.
562 3242 602 3322 Π)
627 3217 809 3318 inuenitur,
831 3235 945 3319 pauca
971 3242 1071 3304 addo
1114 3242 1200 3304 Pars
1229 3241 1358 3320 scripta

174 3349 390 3429 singularum
418 3350 626 3430 paginarum
653 3349 689 3412 in
712 3349 962 3428 longitudinem
983 3359 1080 3429 patet
1107 3351 1178 3426 aab
1200 3349 1358 3426 cm,·sin-

174 3458 278 3536 gulae
308 3459 490 3520 columnae
512 3494 550 3500 —
571 3475 653 3520 nam
681 3457 823 3530 duabus
846 3465 883 3519 ut
908 3437 978 3520 iarn
1005 3457 1120 3520 docuit
1143 3457 1281 3535 Coxius,
1304 3476 1358 3520 co-

174 3566 300 3627 lumnis
323 3574 483 3628 constant
504 3603 543 3610 —
564 3567 599 3629 in
625 3566 840 3629 latitudinem
870 3567 907 3641 10
928 3584 992 3641 cm,
1023 3567 1180 3644 singulae
1208 3565 1358 3644 paginae

174 3672 264 3734 inter
278 3672 317 3734 ts
333 3680 367 3734 et
381 3673 420 3734 49
434 3690 559 3736 versus
580 3674 615 3736 in
629 3691 837 3753 unaquaque
859 3674 1021 3736 columna
1043 3672 1190 3751 scriptos
1212 3672 1358 3739 variant.

174 3779 285 3842 Totus
308 3782 428 3857 codex,
451 3790 591 3860 praeter
609 3781 757 3861 paginas
776 3782 842 3859 184,
867 3782 932 3858 185,
958 3782 1024 3857 186,
1046 3788 1084 3842 ut
1107 3780 1191 3842 mihi
1212 3780 1358 3857 videtur,

176 3889 219 3950 ab
243 3888 367 3950 eodem
388 3889 527 3952 librario
551 3889 700 3968 scriptus
720 3899 782 3952 est.
804 3890 967 3969 Epitoma
987 3887 1153 3951 historiae
1167 3888 1359 3950 Alexandri

176 4015 197 4058 a
218 3996 302 4058 Iulio
324 3996 467 4058 Valerio
490 3997 680 4073 coniectae,
704 4016 793 4078 quae
815 3997 951 4078 paginis
976 3997 1134 4058 137-156
1156 3996 1357 4073 continetur,

174 4121 245 4166 non
262 4113 316 4166 est
330 4103 365 4166 in
384 4104 489 4167 libros
507 4106 626 4183 divisa,
639 4107 702 4168 sed
717 4107 752 4169 in
768 4106 891 4186 capita,
909 4123 997 4185 quae
1012 4104 1047 4167 in
1061 4104 1219 4184 margine
1234 4103 1358 4166 lineola

288 4259 306 4327 ¹)
327 4257 382 4309 His
404 4257 576 4327 phototypis
591 4259 880 4325 comprehendentur
901 4273 927 4324 p.
946 4272 1003 4320 139,
1020 4273 1069 4320 140
1082 4259 1126 4325 1.-
1140 4262 1258 4308 nostrae
1274 4255 1319 4308 ed.
1335 4258 1358 4317 o,

180 4364 291 4411 11—12,
307 4348 357 4417 14),
382 4362 429 4411 147
449 4348 492 4418 (ε
508 4351 549 4411 28,
562 4363 676 4411 22-31,
691 4348 740 4417 12),
764 4360 809 4414 151
831 4348 875 4418 (=
894 4363 936 4414 39,
951 4351 1052 4410 16-42
1065 4347 1131 4400 add.
1147 4349 1180 4414 7),
1199 4357 1246 4412 155
1266 4347 1310 4416 (=
1326 4362 1358 4412 49

177 4438 243 4492 add,
266 4451 367 4504 17ss52
389 4437 455 4491 add.
480 4451 508 4504 15
531 4443 561 4489 et
581 4453 622 4505 49,
644 4437 789 4507 1-5o,3).1
