3232 5114
851 379 909 430 XX

780 412 813 420 -
948 409 980 418 ..

285 564 415 636 quaerit
440 572 472 620 et
494 563 532 619 ab
558 563 648 620 hoste
670 562 852 635 patientiam
876 559 880 630 Ι

289 672 368 746 petit
402 671 623 745 paulisperque
660 670 851 744 patientibus

288 779 321 835 in
336 779 418 834 hunc
437 778 564 834 modum
586 778 738 850 loquitur:
763 777 852 850 „Non

282 885 437 958 equidem
462 884 555 942 video
585 901 705 956 causas,
735 883 851 954 olndi,

283 1001 352 1049 tam
387 992 552 1049 inconsulti
582 992 711 1049 huiusce
729 992 852 1049 discri-

289 1099 380 1156 minis
410 1099 514 1171 vestri,
548 1117 619 1156 cum
647 1099 721 1156 nihil
752 1101 854 1175 egerit

291 1207 374 1264 aliud
390 1214 495 1264 nostra
512 1207 591 1264 Inter
606 1225 664 1264 nos
677 1207 852 1279 proeliatio,

281 1331 384 1387 quam
405 1314 448 1370 uti
470 1322 575 1371 vestro
597 1311 763 1372 commodo
779 1331 853 1371 con-

282 1421 428 1479 sultaret.
452 1422 548 1496 Igitur
563 1439 634 1479 cum
653 1422 753 1479 omnis
775 1422 853 1478 mili-

290 1531 420 1587 tantium
439 1516 485 1586 vis
508 1529 536 1586 ei
559 1530 759 1587 ostentationi
782 1547 853 1603 pro-

907 533 1033 634 paratos
1052 561 1092 616 ad
1113 561 1191 618 haec
1208 561 1385 620 offendetis.
1408 561 1473 620 Sed

910 685 991 740 eque
1012 667 1093 725 nhoe
1108 668 1198 725 vobis
1219 669 1289 727 leve
1305 669 1473 739 videbitur,

908 775 988 833 sicut
1026 776 1119 833 etiarn
1154 776 1310 850 prioribus
1346 777 1473 848 experi-

909 884 1020 940 mentis
1032 877 1211 941 meminisse
1225 883 1364 962 spotestis
1374 885 1402 942 l“
1414 883 1473 940 His

910 991 1002 1048 dIctis
1029 991 1190 1066 adquievit
1215 991 1315 1049 omnis
1347 993 1395 1048 vis
1425 991 1473 1048 In-

909 1098 1027 1170 dorum,
1051 1116 1186 1172 seseque
1201 1098 1383 1157 Alexandro
1398 1100 1473 1158 sub-

909 1205 1063 1264 diderunt.

290 1638 385 1710 ficiat,
407 1638 433 1694 si
460 1645 542 1694 teste
570 1637 758 1710 imperatore
786 1655 853 1708 su0,
941 1676 944 1681 ·

282 1744 376 1817 -quod
403 1743 532 1819 singulis
562 1745 601 1800 sit
623 1743 727 1801 devoti
751 1744 853 1816 animi,

285 1851 539 1922 monstraverint,
555 1851 630 1924 quid
650 1851 710 1909 hoc
728 1852 773 1908 rei
797 1860 853 1922 est,

283 1959 376 2032 ›quod
388 1959 545 2017 incassum
556 1959 735 2017 discrimina
750 1968 853 2017 vestra

289 2067 487 2140 profunditis,
503 2067 572 2123 Pori
591 2067 652 2124 iam
674 2068 853 2125 testimonio

286 2175 508 2232 ,facessente?“

399 2281 449 2339 Ad
475 2283 553 2374 haec
581 2282 664 2340 dicta
691 2300 762 2340 cum
788 2282 854 2338 Indi
880 2305 884 2350 l

284 2373 326 2448 -se
353 2391 435 2448 nolle
459 2390 588 2448 Graecis
615 2391 683 2447 lieri
714 2390 854 2464 captivos

285 2497 514 2571 dominumque
544 2497 760 2555 Alexandrum
791 2499 854 2570 pati

284 2606 376 2680 vulgi
403 2623 558 2663 murmure
585 2613 783 2676 testarentur,
806 2622 855 2661 se-

286 2713 396 2770 cundo
409 2715 503 2771 etiam
518 2731 662 2771 sermone
673 2712 856 2770 Alexander

286 2830 407 2893 rmonet,
442 2823 600 2879 solverent
632 2821 714 2878 hunc
751 2820 855 2878 cordis

294 2929 341 2985 sui
369 2937 487 2986 metum
518 2929 855 3002 exspectationemque

214 3117 216 3124 Ι
287 3053 438 3093 curarum
460 3036 613 3094 eiusmobi
634 3037 797 3096 abicerent
812 3043 856 3092 at-

287 3161 355 3216 que
386 3144 595 3216 secluderent,
619 3153 650 3201 et
676 3143 773 3201 sidem
798 3144 856 3200 rati

288 3251 347 3308 dat
380 3252 588 3310 iureiurando
628 3252 739 3324 Neque
774 3251 857 3308 enim

288 3358 353 3414 :sibi
383 3359 543 3417 libidinem
571 3360 666 3418 talem
695 3368 747 3418 aut
774 3361 857 3417 desi-

288 3465 416 3522 derium
445 3484 582 3540 unquam
610 3467 706 3525 Indici
735 3468 856 3541 imperii

288 3573 463 3645 adstitisse,
473 3575 530 3631 sed
544 3575 626 3632 enim
639 3592 763 3632 omnem
774 3575 856 3633 illam

289 3697 422 3738 causam
450 3683 561 3754 proelii
590 3684 669 3740 hanc
698 3683 804 3754 fuisse,
831 3684 856 3740 si

289 3789 514 3860 experimento
558 3791 626 3864 ipso
669 3791 857 3848 fortitudinis

289 3913 371 3952 suae
394 3905 506 3970 gentes
528 3915 653 3971 quoque
670 3905 795 3955 ceterae
813 3898 858 3955 di-

293 4001 456 4075 dicissent,
486 4005 651 4064 amicitiam
680 4023 768 4063 suam
796 4006 856 4063 sin·

294 4111 387 4187 gulos
406 4112 506 4187 magis
521 4131 614 4185 quam
628 4114 858 4172 vehementiam

297 4219 435 4292 experIri
458 4221 635 4278 convenire.
660 4222 756 4297 Igitur
778 4222 859 4280 irent

297 4327 430 4401 quisque
446 4345 575 4412 securus
592 4329 622 4386 in
637 4348 693 4387 sua
704 4347 763 4387 nec
778 4328 858 4384 ultra

290 4439 466 4512 <quicquam
479 4437 518 4495 de
529 4439 682 4496 victorum
693 4435 858 4493 insolentia
