3232 5114
664 367 951 450 y—VIII-
1068 381 1071 388 ’

254 545 283 607 O
313 565 392 609 esse
420 548 569 617 unicum,
599 566 666 626 quo
695 547 769 610 Iulii
794 547 926 610 Valerii
954 565 1081 610 nomen
1110 556 1356 610 conservatum
1383 548 1447 632 sit.

252 653 335 716 Inde
356 655 425 716 iam
448 654 617 733 suspicari
643 672 707 717 nos
734 673 839 734 posse
860 672 967 717 unum
988 657 1080 718 hunc
1101 664 1227 717 testem
1249 672 1436 735 superesse

251 761 464 824 recensionis
486 764 542 823 vel
563 762 725 839 familiae,
747 772 785 825 ut
806 763 910 838 aiunt,
927 763 1093 838 codicum,
1110 780 1198 842 quae
1221 779 1259 825 se
1280 763 1437 841 pressius

251 887 358 948 quam
380 878 576 932 ceterorum
598 870 770 949 epitomae
792 871 958 933 librorum
980 888 1105 933 manus
1128 872 1173 933 ad
1195 873 1435 950 archetypum,

252 977 287 1038 id
309 987 363 1040 est
385 978 429 1040 ad
450 979 631 1041 Valerium
653 978 776 1058 ipsum,
800 979 1035 1058 applicaverit.
1072 979 1192 1057 Neque
1214 979 1305 1041 hane
1327 979 1435 1058 suspi-

253 1085 388 1148 cionem
409 1094 443 1148 te
464 1085 596 1149 fallere.
617 1087 763 1165 Propius
786 1076 877 1150 enirn
898 1086 1105 1166 inspectanti
1121 1103 1291 1165 apparere
1311 1085 1436 1148 librum

253 1190 282 1253 Ο
304 1192 521 1255 intercedere
541 1193 631 1254 inter
645 1191 825 1255 Valerium
846 1193 960 1272 ipsum
983 1201 1017 1254 et
1032 1193 1220 1272 epitomam
1242 1211 1264 1255 a
1279 1193 1435 1256 Zaehero

253 1301 380 1364 editam
392 1302 469 1363 —Z
487 1301 522 1363 in
533 1299 756 1380 sequentibus
769 1300 845 1362 dico
858 1337 894 1344 -
908 1301 1071 1379 quoniam
1085 1301 1120 1363 in
1136 1299 1164 1361 O
1181 1317 1435 1379 saepenumero

252 1409 445 1488 sententiae
472 1409 598 1472 obviae·
623 1409 699 1486 sint,
727 1425 816 1498 quae
844 1408 937 1487 apud
957 1407 1137 1470 Valerium
1163 1407 1355 1487 pleniorem
1384 1425 1434 1470 re-

251 1515 437 1594 periantur,
464 1517 500 1578 in
525 1517 550 1578 Z
580 1516 827 1579 desiderentur.
863 1516 944 1579 Inde
970 1516 1072 1580 facile
1100 1516 1251 1596 perspici
1279 1517 1435 1580 codicem

250 1633 409 1687 nostrum
431 1625 582 1688 medium
609 1625 699 1687 inter
719 1624 900 1688 Valerium
921 1625 1035 1704 ipsum
1057 1634 1092 1687 et
1118 1625 1143 1686 Z
1164 1627 1279 1687 locum
1304 1635 1434 1701 tenere,

251 1731 300 1793 ita
326 1740 452 1807 tamen,
475 1742 512 1795 ut
538 1733 646 1795 artius
673 1745 751 1795 cum
778 1732 803 1794 Z
830 1749 934 1811 quam
962 1750 1041 1794 curn
1067 1732 1209 1794 Valerio
1237 1733 1434 1794 cohaereat.

250 1836 386 1901 Deinde
412 1840 540 1902 Paulus
566 1839 696 1918 Meyer,
723 1848 909 1919 postquam
934 1839 1108 1916 indicavit,
1135 1840 1258 1919 quibus
1286 1840 1322 1901 in
1349 1839 1434 1902 locis

252 1943 281 2006 O
311 1963 389 2009 cum
423 1948 457 2023 Z,
491 1948 682 2028 quibusque
715 1966 794 2011 curn
820 1949 962 2011 Valerio
992 1949 1210 2026 consentiret,
1238 1949 1287 2010 sie
1319 1949 1434 2027 pergit

252 2053 296 2131 (p.
318 2053 369 2132 24)
390 2091 430 2096 —
458 2055 542 2134 ipsis
568 2056 637 2118 iam
665 2065 743 2118 utor
773 2057 845 2118 eius
874 2056 991 2119 verbis
1019 2075 1073 2118 -t
1103 2057 1148 2133 „ll
1176 2075 1220 2118 ne
1242 2056 1348 2119 serait
1369 2074 1434 2135 pas

250 2160 487 2224 inadmissible
509 2180 553 2225 en
575 2165 626 2226 soi
648 2182 714 2244 que
736 2167 770 2226 la
790 2167 890 2242 lecon
912 2165 954 2226 de
977 2165 1113 2244 Corpus
1142 2167 1201 2243 (sc.
1219 2164 1260 2244 O)
1289 2174 1322 2227 et
1342 2164 1433 2243 l'epz'-

251 2272 341 2330 tome
366 2275 669 2348 representassent
697 2274 789 2335 deux
811 2273 959 2351 abreges
982 2273 1025 2334 de
1045 2273 1215 2349 Valerius,
1237 2273 1319 2334 faits
1340 2272 1434 2334 inde-

250 2377 498 2454 pendamment
524 2381 593 2442 l'un
621 2382 663 2443 de
688 2380 827 2459 l'autre3
854 2381 942 2442 mais
968 2381 997 2442 si
1024 2399 1069 2443 on
1096 2381 1255 2442 examine
1282 2381 1325 2442 de
1344 2385 1433 2458 pres

250 2484 302 2545 les
329 2495 492 2565 rapports
518 2487 580 2550 des
606 2488 691 2550 trois
717 2497 839 2564 texteS,
863 2507 907 2551 on
934 2493 1158 2551 reconnaitra
1184 2506 1250 2568 que
1278 2490 1313 2550 la
1333 2489 1434 2564 lecon

252 2591 294 2654 de
311 2591 447 2672 Corpus
462 2595 574 2658 forme
589 2598 800 2672 reellement,
817 2614 953 2659 comme
971 2595 1002 2675 je
1025 2597 1218 2676 l'indiquais
1239 2598 1317 2675 plus
1338 2597 1434 2672 haut,

250 2701 286 2762 la
307 2701 489 2764 transition
511 2712 609 2765 entre
631 2703 793 2766 Valerius
815 2713 849 2766 et
871 2705 1049 2784 l’epitome,
1073 2723 1138 2784 que
1161 2704 1306 2766 l'auteur
1329 2705 1371 2766 de
1394 2721 1434 2766 ce

251 2807 388 2869 dernier
413 2818 509 2872 texte
536 2811 674 2890 abrege,
701 2830 771 2873 non
797 2829 862 2890 pas
893 2812 1119 2875 directement
1146 2813 1317 2889 Valerius
1346 2811 1434 2874 mais

252 2917 286 2977 la
300 2917 400 2993 lecon
416 2916 494 2995 deja
509 2920 660 2998 abregee
675 2937 741 2999 que
757 2938 845 2982 nous
861 2938 882 2982 a
897 2925 1086 2982 conservee
1101 2922 1133 2982 le
1149 2938 1211 2983 ms.
1228 2920 1271 2982 de
1288 2919 1433 2998 Corpus.

245 3023 339 3104 J’ose
363 3025 473 3088 croire
495 3027 575 3105 qu'il
596 3044 640 3089 ne
661 3037 796 3089 restera
818 3046 878 3090 sur
899 3046 939 3090 ce
961 3029 1058 3106 point
1080 3045 1192 3090 aucun
1215 3027 1319 3088 doute
1346 3043 1435 3104 pour

251 3133 444 3212 quiconque
461 3151 547 3196 aura
561 3135 633 3213 pris
648 3136 682 3197 la
696 3135 796 3214 peine
813 3136 855 3197 de
871 3153 1055 3214 comparer
1068 3137 1120 3196 les
1135 3135 1221 3197 trois
1236 3134 1434 3196 redactions

251 3239 400 3318 ci-apres
414 3247 621 3320 rapportees
637 3242 717 3305 d'un
731 3249 845 3305 meme
864 3261 1038 3320 morceau,
1055 3244 1113 3322 qui
1135 3253 1187 3305 est
1208 3243 1273 3304 tire
1295 3242 1341 3304 du
1355 3243 1376 3303 1.
1391 3241 1435 3302 ΙΙΙ

250 3347 304 3409 ch.
319 3349 368 3410 3“.
391 3348 525 3411 Deinde
547 3350 581 3412 in
603 3351 716 3414 medio
732 3351 828 3430 ponit
842 3351 974 3414 Valerii
989 3351 1099 3414 verba
1113 3369 1146 3430 p.
1165 3352 1230 3427 116,
1246 3350 1395 3427 23-117,
1405 3351 1433 3424 9,

250 3455 396 3534 „Igitur
417 3457 547 3520 Persae
568 3495 607 3502 —
630 3495 666 3502 —
689 3496 729 3502 -
751 3460 957 3534 z'nstetere“,·
986 3459 1015 3522 O
1037 3478 1069 3538 p.
1085 3460 1125 3521 38
1147 3459 1223 3521 add.
1249 3460 1286 3521 19
1307 3458 1434 3520 verba:

250 3562 395 3642 „Igitur
409 3565 539 3628 Persae
554 3603 587 3609 -
608 3603 645 3610 κ
661 3603 700 3610 —
720 3568 909 3630 desiderati
918 3569 1118 3647 fuerant“,·
1133 3567 1202 3646 Zp.
1214 3568 1262 3643 53,
1276 3566 1435 3642 13-54,3

251 3671 370 3746 (nostr.
400 3672 452 3733 ed.
480 3674 528 3749 37,
544 3675 670 3751 19-38,
683 3677 714 3752 9)
741 3677 865 3738 verba:
899 3675 1079 3753 „Cumque
1104 3675 1191 3736 Indi
1214 3710 1253 3718 —
1275 3710 1312 3718 -
1334 3710 1374 3716 -
1397 3710 1432 3716 —

251 3779 386 3840 mortui
405 3781 591 3859 fuerantr,
620 3792 653 3843 et
684 3783 856 3845 concludit
882 3783 998 3845 verbis
1025 3783 1094 3845 his:
1133 3781 1208 3860 „On
1236 3793 1319 3861 peut
1346 3782 1434 3843 donc

250 3886 452 3949 consideres
473 3907 609 3952 comme
633 3890 736 3952 etabli
758 3908 823 3970 que
846 3890 1023 3970 l'epr'tome,
1041 3900 1147 3953 avant
1170 3891 1212 3952 de
1234 3889 1434 3969 parvenira

251 3994 346 4057 l’etat
372 3999 417 4056 ou
442 4013 531 4058 nous
557 3998 589 4059 le
615 3999 810 4076 possedons
837 3999 924 4060 dans
950 4016 997 4060 un
1023 3999 1053 4061 si
1078 3999 1191 4078 grand
1216 4000 1363 4061 nombre
1391 3998 1433 4059 dc

250 4119 343 4179 mss,
357 4120 378 4165 a
390 4102 533 4166 d'abord
548 4109 653 4183 passe
668 4122 732 4185 par
746 4123 793 4168 un
805 4111 876 4168 etat
887 4106 1143 4169 intermediaire
1155 4124 1221 4186 que
1232 4111 1434 4186 represente

251 4213 326 4273 seul
347 4208 482 4290 jusqu'a
502 4217 644 4290 present
664 4215 697 4275 le
719 4232 782 4276 ms,
805 4215 848 4276 de
870 4214 1036 4293 Corpus“.

358 4321 457 4384 Haec
472 4321 610 4400 quidem
625 4322 755 4384 Paulus
770 4324 900 4401 Meyer,
917 4322 1014 4385 cuius
1031 4323 1228 4402 opinionem
1249 4325 1317 4385 hoc
1332 4332 1436 4386 stem·

251 4437 353 4505 mate,
378 4432 469 4509 quod
491 4439 628 4507 vocant,
650 4430 823 4494 illustrare
845 4431 964 4494 liceat:
