3232 5114
768 407 948 458 -νι-

264 588 317 666 (φ)
340 588 501 668 distingui
527 587 696 650 videntur.
732 587 865 650 Titulus
888 604 909 648 a
930 586 1042 665 prima
1063 604 1168 650 manu
1188 587 1302 650 rubris
1324 587 1445 650 litteris

263 695 519 774 superscriptus
542 704 608 757 est:
631 694 703 757 Iulii
718 693 851 757 Valerii
866 694 1057 756 Alexandri
1079 695 1172 773 regis
1194 695 1312 774 magni
1333 675 1445 757 Mace-

263 801 392 864 donum
414 810 519 878 ortus²
543 803 615 864 vita
641 811 675 864 et
703 801 825 864 obitus.
838 802 859 878 ¹)
902 802 999 864 Unus
1026 811 1078 864 est
1105 803 1216 865 codex
1237 810 1365 877 noster,
1388 803 1446 882 qui

262 910 297 971 in
329 910 430 972 huius
457 909 573 988 operis
598 908 712 971 fronte
738 908 811 970 Iulii
837 908 969 971 Valerii
997 927 1123 972 nomen
1154 909 1310 986 servarit,
1341 918 1444 989 atque

261 1019 339 1097 ipsa
367 1019 433 1081 hac
461 1018 682 1097 inscriptione
711 1016 862 1079 maxime
888 1017 1018 1080 recedit
1047 1035 1068 1079 a
1096 1017 1221 1080 ceteris
1248 1017 1348 1078 huius
1378 1017 1445 1096 epi-

262 1135 378 1189 tomae
399 1127 495 1189 libris
517 1144 622 1189 manu
644 1125 790 1204 scriptis,
806 1134 843 1188 ut
864 1133 958 1186 recte
981 1125 1112 1188 monuit
1130 1125 1258 1186 Paulus
1280 1124 1410 1202 Meyer.
1421 1125 1444 1202 ²)

262 1235 395 1297 Valerii
420 1234 583 1313 plenioris
612 1234 750 1297 codices
783 1234 877 1295 initio
905 1233 1015 1296 mutili
1044 1210 1223 1312 scriptoris
1251 1237 1378 1293 nomen
1410 1232 1444 1294 in

263 1342 570 1421 subscriptionibus
593 1341 737 1420 singulis
763 1341 857 1403 libris
880 1341 1004 1404 additis
1025 1341 1184 1420 produnt.
1207 1337 1277 1402 Sed
1298 1339 1332 1400 in
1355 1337 1445 1400 Oxo-

261 1450 390 1513 niensis
412 1450 488 1512 libri
509 1449 761 1528 subscriptione
781 1449 855 1512 Iulii
869 1449 1003 1512 Valerii
1017 1466 1144 1511 nomen
1165 1466 1235 1509 non
1255 1446 1443 1525 invenitur;

261 1557 384 1619 iisdem
406 1557 518 1620 rubris
539 1556 661 1619 litteris
681 1573 849 1635 expressa
871 1556 1018 1636 legimus
1040 1557 1145 1618 haec:
1168 1555 1316 1633 Explicit
1338 1565 1443 1632 ortuS,
1546 1573 1554 1582 ·

262 1663 334 1726 vita
362 1673 396 1726 et
425 1664 537 1727 obitus
560 1664 751 1726 Alexandri
780 1665 873 1743 regis
902 1665 1021 1744 magni
1049 1664 1288 1726 Macedonum.
1325 1663 1444 1744 Incipit

262 1770 409 1849 epistola
431 1789 459 1833 e.
482 1789 512 1850 q.
535 1790 561 1834 s

367 1879 524 1958 Egerunt
539 1879 581 1941 de
600 1880 667 1942 hoc
682 1879 800 1942 codice
822 1880 917 1942 haud
937 1880 986 1941 ita
1007 1879 1109 1958 pauci
1131 1878 1196 1940 viri
1218 1878 1318 1941 docti.
1340 1879 1444 1941 lulius

261 1986 352 2048 enim
364 1986 506 2062 Zacher‚
519 1986 572 2048 vir
584 1987 804 2051 doctissimus
818 1997 852 2050 et
867 1988 909 2050 de
921 1988 1066 2050 historia
1079 1987 1241 2050 fabulosa
1253 1987 1444 2049 Alexandri

259 2093 379 2173 Magni
394 2093 522 2172 optime
545 2094 698 2171 meritus
715 2113 793 2158 cum
817 2096 990 2175 epitomae
1013 2095 1197 2159 editionem
1219 2094 1443 2173 principem³)

261 2212 364 2280 atque
387 2201 500 2263 adhuc
529 2202 667 2265 unicam
696 2203 877 2281 emitteret,
900 2221 1013 2284 pauca
1039 2206 1082 2267 de
1110 2221 1151 2265 eo
1177 2202 1357 2282 praelatus
1381 2212 1442 2266 est.

261 2310 354 2372 Usus
381 2318 498 2372 autem
524 2319 578 2372 est
600 2311 734 2374 Zacher
760 2312 966 2391 apographo
989 2329 1010 2373 a
1031 2310 1210 2374 Perizonio
1233 2310 1313 2373 olim
1339 2311 1442 2388 lacto,

260 2419 353 2497 quod
369 2417 519 2497 quinque
542 2426 677 2481 tantum
700 2418 866 2481 continuit
882 2417 1005 2498 capita.
1027 2418 1244 2482 Perizonium
1259 2420 1359 2497 plura
1373 2436 1443 2480 non

258 2525 520 2605 transcripsisse
535 2527 638 2588 valde
654 2543 692 2587 se
708 2526 825 2588 dolere
835 2527 858 2604 4)
871 2527 1005 2589 Zacher
1017 2527 1072 2604 ait,
1085 2529 1248 2606 quoniam
1263 2547 1307 2592 ex
1321 2529 1442 2608 paucis

258 2633 312 2695 his
341 2633 477 2712 paginis
506 2633 590 2695 satis
618 2634 840 2713 intellegatur
871 2634 1026 2697 codicem
1056 2634 1084 2696 O
1115 2636 1327 2716 singularem
1352 2637 1443 2699 inter

259 2750 396 2804 ceteros
419 2741 591 2820 epitomae
614 2740 720 2804 libros
743 2744 858 2805 locum
880 2752 1007 2805 tenere.
1022 2745 1046 2820 ὖ)

370 2940 388 3008 ¹)
410 2939 498 3008 Quod
518 2939 630 2991 Coxius
651 2940 667 2993 l.
681 2940 697 2994 l.
718 2940 775 2992 iam
795 2941 906 3002 docuit,
927 2940 995 2992 ideo
1016 2940 1115 3004 affer0,
1137 2943 1204 3009 quia
1224 2942 1312 2994 lulius
1333 2942 1444 2994 Zacher

259 3029 287 3079 in
311 3027 386 3080 libro
414 3029 557 3094 inscripto
585 3028 1159 3101 ,‚Pseudo-Callisthenes-Forschungen
1190 3047 1240 3083 zur
1266 3031 1361 3084 Kritik
1383 3032 1442 3084 und

259 3116 441 3170 Geschichte
462 3118 515 3170 der
536 3117 662 3170 altesten
676 3118 899 3189 Aulzeichnung
919 3120 972 3172 der
985 3119 1235 3190 Alexandersage‚
1256 3121 1442 3185 Halle1867¹‘

259 3223 285 3272 p.
304 3223 337 3268 42
358 3207 482 3268 dubitat,
504 3213 601 3259 utrum
620 3207 695 3260 haec
716 3207 870 3274 inscriptio
890 3209 918 3260 in
940 3209 965 3262 O
985 3209 1051 3276 ipso
1071 3211 1237 3263 inveniatur
1257 3228 1292 3262 an
1313 3227 1330 3262 a
1350 3211 1443 3264 Coxio

258 3295 328 3348 ficta
348 3298 394 3349 sit.

337 3409 341 3416 ·
367 3387 387 3454 ²)
409 3386 595 3447 „Alexandra
617 3386 643 3439 le
664 3388 756 3456 grand
777 3387 850 3439 dans
871 3387 897 3439 la
911 3388 1090 3441 Litterature
1104 3389 1262 3455 Francaise
1283 3390 1321 3442 du
1337 3391 1443 3460 Moyen

258 3477 321 3544 age.
345 3474 426 3528 Tom.
441 3475 474 3539 ΙΙ,
495 3475 575 3527 Paris
592 3478 685 3529 1886.“
710 3476 756 3529 De
776 3476 831 3529 hac
852 3478 1027 3544 quaestione
1048 3479 1109 3547 egit
1128 3479 1171 3532 vir
1190 3480 1297 3531 doctus
1321 3479 1404 3532 Tom.
1418 3480 1442 3532 Il

258 3581 286 3630 p.
301 3580 342 3626 21,
363 3566 399 3618 cl.
421 3565 509 3617 etiam
529 3564 611 3618 infra.

366 3655 386 3723 3)
399 3652 462 3706 Iulii
472 3653 580 3707 Valerii
596 3654 732 3721 Epitome
748 3671 812 3707 zum
829 3656 987 3708 erstenmal
1002 3656 1254 3726 herausgcgeben,
1270 3658 1353 3710 Halle
1368 3662 1442 3724 1867.

366 3745 387 3814 ⁴)
406 3743 448 3797 cf.
469 3739 523 3798 Ed.
543 3744 663 3800 Zacher.
683 3744 780 3798 Praef.
800 3745 853 3796 VII
874 3752 904 3798 et
923 3745 972 3799 XI.

365 3835 387 3898 ὅ)
407 3831 438 3884 ln
452 3832 594 3885 Perizonii
615 3834 816 3903 apographum
838 3835 919 3887 multi
934 3851 1050 3888 errores
1065 3853 1228 3907 gravesque
1248 3839 1443 3904 inrepserunt.

257 3921 353 3974 Pauca
373 3921 510 3988 exempla
529 3921 664 3975 afferam:

418 4011 484 4079 Pag.
506 4027 530 4074 2,
551 4027 565 4062 2
586 4011 648 4065 Per.
663 4013 733 4084 legit
753 4013 872 4082 scythas
923 4013 948 4066 O
969 4015 1058 4067 habet
1079 4015 1170 4069 festas

446 4143 460 4168 ‚‚
509 4117 569 4164 2,9
645 4143 660 4164 ,‚
753 4118 859 4154 auraso
988 4146 1003 4168 ‚,
1078 4112 1176 4159 autem
1196 4122 1263 4158 raso

446 4232 460 4254 ‚,
510 4207 576 4254 3‚21
645 4234 659 4255 ‚,
753 4194 1003 4265 transmigrari„
1078 4198 1253 4267 transiugari

448 4321 461 4342 ‚,
510 4296 576 4343 3‚21
646 4324 661 4350 ‚,
754 4283 803 4349 qui
990 4326 1003 4347 „
1079 4287 1125 4337 cui

446 4411 460 4434 ‚‚
510 4388 571 4436 4,9
646 4413 660 4434 ‚,
754 4373 877 4426 deorum
987 4416 1001 4438 ,‚
1075 4376 1217 4428 decorum

447 4502 463 4528 ‚,
513 4475 581 4526 4‚15
649 4502 663 4525 „
756 4462 866 4528 eraptis
991 4505 1005 4525 „
1080 4465 1197 4532 carptis.
