3232 5114
743 367 958 422 -XXII-

259 551 486 624 patientissimi,
509 569 589 623 quae
616 550 700 607 humi
729 567 822 606 manu

260 659 448 716 exhauriunt
469 658 603 716 aditibus
621 665 821 732 perangusta,

260 767 420 823 enimvero
443 766 551 823 subter
578 766 724 838 capacius
751 783 822 837 spa-

259 874 343 943 tiata,
375 874 460 944 quod
494 872 525 930 id
562 889 661 946 genus
697 873 822 929 aedium

260 998 363 1053 neque
399 981 489 1053 pretii
525 980 645 1037 scilicet
677 979 821 1053 indigens

260 1096 292 1146 et
320 1089 361 1145 ad
388 1089 582 1162 flagrantiam
611 1088 685 1145 solis
712 1087 821 1145 aestivi

198 1189 206 1209 ⁸
261 1196 396 1269 apricius
407 1196 589 1253 habebatur.
611 1196 632 1251 li
646 1195 738 1270 igitur
751 1211 822 1252 cum

261 1304 488 1376 comperissent
525 1303 740 1360 Alexandrum
782 1303 822 1358 ad

261 1429 332 1468 sese
349 1411 553 1482 contendere,
573 1411 721 1483 primates
737 1429 821 1482 suos,

261 1535 341 1589 quos
363 1518 484 1575 scilieet
507 1536 524 1574 a
540 1518 712 1591 sapientiae
728 1520 822 1577 modo

262 1634 401 1696 censent,
423 1626 550 1683 obviare
577 1626 756 1683 adventanti
778 1626 822 1684 iu-

260 1733 336 1790 bent
358 1750 429 1791 cum
458 1733 567 1790 litteris
589 1733 821 1793 huiuscemodi:

260 1839 564 1916 „Gymnosophistae
632 1842 821 1916 Bragmanes

260 1947 443 2004 Alexandro
457 1948 572 2004 homini
583 1949 697 2006 dicunt.
715 1949 746 2007 Si
754 1959 822 2007 ten-

262 2056 309 2112 dis
325 2057 363 2112 ad
381 2073 437 2112 nos
457 2056 674 2128 proeliaturus
690 2055 821 2133 util‘que}

261 2163 317 2219 tibi
339 2163 535 2237 propositum
554 2171 610 2234 est,
626 2165 710 2236 quod
733 2164 822 2221 nobis

876 550 1104 622 patientissimi,
1128 567 1208 622 quae
1236 549 1319 605 humi
1346 567 1440 606 manu

877 658 1065 715 exhauriunt
1081 656 1216 714 aditibus
1238 666 1439 733 perangusta,

877 766 1035 822 enimvero
1057 765 1164 822 subter
1182 764 1351 837 capacibus
1368 781 1440 835 spa-

875 872 960 928 tiata.

876 1193 973 1268 Igitur
988 1211 1059 1250 cum
1074 1193 1285 1266 comperirent
1300 1191 1441 1248 Alexan-

877 1301 965 1358 drum
988 1301 1027 1358 ad
1054 1319 1125 1358 sese
1153 1300 1355 1370 contendere,
1378 1299 1439 1371 pri-

877 1417 976 1465 mates
998 1426 1071 1465 suos

878 1624 1004 1681 obviare
1032 1622 1211 1680 adventanti
1239 1622 1347 1679 iubent
1369 1639 1440 1679 cum

878 1733 987 1790 litteris
1029 1730 1261 1788 huiuscemodi:
1304 1728 1441 1804 Gymno-

878 1841 1036 1914 sophistae
1052 1839 1234 1897 Alexandro
1257 1837 1372 1894 homini
1395 1837 1442 1892 di-

878 1957 959 2006 cunt.
1314 1945 1344 2002 Si
1371 1953 1441 2001 ten-

878 2057 925 2113 dis
965 2056 1004 2112 ad
1041 2037 1098 2110 nos
1139 2053 1355 2126 proeliaturus
1396 2052 1440 2108 uti

876 2165 932 2222 tibi
965 2163 1160 2237 propositum
1179 2169 1236 2232 est,
1257 2159 1442 2231 quidnobis

262 2271 395 2341 adferas,
407 2271 516 2342 habes,
535 2289 628 2344 porro
641 2273 725 2344 quod
738 2272 823 2329 aule·
849 2273 852 2340 l
878 2271 1011 2342 adferas,
1024 2270 1130 2340 habes,
1147 2287 1240 2342 porro
1254 2268 1339 2340 quod
1354 2268 1441 2325 aufe-

262 2396 322 2449 ras,
339 2379 421 2434 nihil.
445 2379 498 2437 Sin
510 2385 585 2436 vero
600 2379 688 2436 venis
703 2377 823 2454 (venies

261 2484 332 2561 Vp),
365 2494 398 2542 ut
428 2486 539 2556 discas,
572 2504 652 2558 quae
684 2504 701 2543 a
734 2485 823 2542 nobis

263 2593 384 2650 scilicet
413 2594 485 2650 sciri
512 2602 637 2666 queant,
667 2594 749 2650 nulla
776 2602 824 2651 est

262 2700 440 2756 invidentia.
488 2701 611 2758 Etenim
647 2719 708 2758 non
744 2702 823 2758 arbi-

261 2815 378 2863 tramur
419 2807 499 2864 inter
538 2807 633 2864 hasce
676 2807 823 2865 scientias

263 2923 385 2971 nostras
414 2932 541 2972 causam
570 2915 745 2972 discordiae
768 2933 828 3004 po·

213 3070 216 3075 .
262 3022 361 3092 sitam,
378 3039 449 3079 cum
463 3022 519 3078 tibi
538 3023 637 3079 amica
659 3041 710 3080 res
732 3041 823 3097 proe-

262 3130 345 3202 lium,
382 3130 472 3187 nobis
514 3148 589 3188 vero
625 3131 823 3205 philosophia

263 3243 438 3295 noscatur“.
460 3238 518 3294 His
535 3238 624 3296 lectis
641 3238 823 3297 Alexander

263 3344 428 3418 pacificum
457 3345 516 3402 iter
544 3362 639 3420 agere
668 3346 822 3419 decrevit;

262 3453 410 3524 videtque
427 3453 568 3510 homines
580 3455 700 3526 reliqua
713 3455 822 3527 nudos,

263 3562 320 3619 sed
336 3563 449 3619 amictu
466 3562 598 3634 simplici
617 3562 821 3635 superiectoS,

263 3670 521 3742 diversantesque
544 3670 591 3726 his
614 3670 744 3727 aedibus
767 3688 823 3727 seu

263 3777 430 3850 speluncis
451 3794 581 3849 quarum
600 3777 710 3834 relatio
730 3796 823 3851 supra

264 3891 320 3942 est.
336 3884 452 3941 Eorum
461 3883 515 3940 silii
525 3885 739 3958 coniugesque
751 3903 823 3958 pas-

264 3992 373 4049 cendis
386 3991 561 4064 pecudibus
577 3993 820 4065 occupabantur.

878 2397 938 2449 raS,
966 2378 1048 2435 nihil.
1077 2377 1130 2434 Sin
1157 2394 1232 2433 vero
1259 2375 1377 2445 venies,
1406 2382 1441 2431 ut

880 2487 992 2557 discas,
1005 2503 1085 2558 quae
1098 2503 1115 2541 a
1131 2484 1221 2540 nobis
1237 2483 1358 2540 scilicet
1369 2483 1441 2540 sciri

879 2602 1008 2666 queant,
1050 2593 1132 2649 nulla
1173 2601 1221 2648 est
1261 2591 1440 2648 invidentia.

879 2701 1003 2757 Etenim
1038 2717 1099 2755 non
1135 2699 1319 2757 arbitramur
1361 2698 1441 2754 inter

878 2809 974 2865 hasce
997 2808 1144 2865 scientias
1170 2815 1291 2864 nostras
1315 2821 1442 2862 causam

879 2915 1055 2972 discordiae
1092 2915 1234 2987 positam,
1276 2931 1345 2970 cum
1385 2913 1441 2970 tibi

879 3024 978 3080 amica
1000 3041 1051 3080 res
1073 3023 1235 3097 proelium,
1259 3022 1349 3081 nobis
1365 3037 1441 3078 vero

879 3131 1076 3205 philosophia
1099 3139 1254 3187 noscatur.
1348 3189 1351 3196 ,

878 3240 936 3296 His
959 3240 1048 3297 lectis
1070 3239 1252 3296 Alexander
1274 3235 1441 3310 pacificum

880 3348 937 3404 iter
976 3364 1071 3423 agere
1107 3347 1256 3416 decrevit,
1292 3344 1441 3415 videtque

878 3456 1020 3513 homines
1059 3455 1179 3526 reliqua
1224 3454 1333 3523 nudos,
1384 3450 1441 3508 sed

879 3563 993 3621 amictu
1015 3562 1146 3635 simplici
1169 3562 1358 3634 superiecto.

370 4097 458 4159 Nolo
490 4100 590 4176 plura
621 4098 860 4161 transcribere.
903 4099 939 4162 Si
971 4098 1025 4162 cui
1056 4101 1143 4162 haec
1174 4118 1245 4162 non
1277 4098 1440 4161 sufficere

263 4206 454 4283 videantur,
477 4207 635 4269 conterat
660 4208 757 4269 locos
782 4208 863 4269 hos:
895 4208 972 4270 Val.
997 4208 1224 4285 151,22-160,
1240 4208 1276 4270 13
1298 4225 1376 4269 cum
1399 4205 1442 4269 Oi

263 4314 311 4389 46,
330 4314 435 4391 1-52,
454 4314 490 4376 15
512 4323 546 4377 et
567 4315 645 4377 Val.
664 4316 729 4393 161,
745 4316 894 4393 28-163,
913 4318 950 4379 19
972 4335 1050 4380 cum
1072 4317 1152 4397 epit.
1169 4319 1202 4380 Z.
1219 4319 1267 4394 49,
1282 4317 1388 4393 1-52,
1403 4316 1440 4378 3;

264 4423 421 4503 profecto
447 4424 628 4504 unicuique
656 4426 720 4488 has
742 4425 817 4488 libri
838 4425 928 4487 tertii
949 4436 1076 4505 partes,
1103 4443 1191 4506 quae
1212 4424 1247 4486 in
1270 4424 1388 4487 codiee
1411 4421 1440 4484 Ο
