3232 5114
670 384 706 391 —-
748 351 871 404 VII—

283 532 437 612 Inspex'it
459 532 583 594 deinde
607 531 763 594 codicem
784 531 823 608 O,
839 531 921 610 quin
935 532 1050 610 potius
1073 531 1255 594 collatione
1278 530 1368 592 eius-

175 641 256 701 dem
283 639 326 702 ab
356 639 430 702 aliis
452 637 547 702 facta
568 657 653 702 usus
676 648 730 701 est
753 638 936 701 Diden'cus
958 640 1168 715 Volkmann,
1192 637 1250 718 qui
1271 655 1363 700 anno

177 747 256 810 1882
290 748 417 810 Portae
443 747 605 823 libellum,
633 747 687 809 cui
716 746 891 825 inscripsit
921 747 1195 823 „Adnotationes
1224 745 1370 807 criticae·
1405 823 1407 829 y
1475 779 1478 784 ·

173 856 209 917 in
230 855 353 917 Iulium
374 854 575 917 Valerium“
596 854 632 916 in
653 855 789 933 vulgus
810 853 952 933 edidit.¹)
994 855 1096 917 Hunc
1119 872 1185 934 ego
1211 855 1367 917 libellum

173 964 280 1026 valde
307 963 408 1024 doleo
437 963 530 1042 quod
555 980 668 1042 neque
695 962 789 1041 apud
815 962 1021 1042 bibliopolas
1047 980 1160 1042 neque
1186 962 1221 1024 in
1246 961 1364 1024 biblio-

174 1070 287 1134 thecis
313 1071 569 1150 Argentinensi,
596 1069 820 1146 Berolinensi,
848 1071 1015 1147 Hallensi,
1038 1070 1182 1146 lenensi,
1204 1069 1364 1133 Portensi

174 1179 299 1258 reperi.
331 1177 525 1257 Exscripsit
552 1195 632 1240 eum
653 1177 878 1240 Bernhardus
901 1177 1054 1256 Kuebler
1076 1187 1110 1240 et
1131 1177 1166 1239 in
1188 1194 1273 1240 suae
1296 1176 1363 1238 edi·

173 1286 278 1348 tionis
287 1287 311 1366 ⁹)
326 1286 399 1349 Iulii
413 1285 546 1349 Valerii
569 1294 750 1364 apparatu,
767 1302 871 1364 quem
887 1285 1014 1361 dicunt,
1035 1284 1153 1348 critico
1173 1285 1218 1346 ad
1232 1283 1364 1347 Valerii

174 1404 309 1457 textum
326 1393 581 1457 emendandum
598 1392 761 1456 adhibuit.
785 1393 1029 1455 Volkmannus
1045 1412 1140 1469 vero,
1157 1393 1186 1455 si
1199 1392 1370 1454 Kuebleri

175 1502 314 1565 silentio
337 1502 443 1564 iidem
463 1502 606 1578 habeas
622 1502 740 1577 multa,
758 1493 847 1580 quae
866 1501 912 1562 ad
926 1500 1059 1563 Valerii
1076 1500 1186 1562 verba
1206 1500 1366 1562 sananda

175 1610 253 1672 usui
275 1618 364 1686 sunt,
394 1609 524 1687 omisit;
553 1609 727 1672 interdum
756 1608 861 1671 etiam
883 1609 1022 1672 erravit.
1053 1607 1144 1670 Nam
1165 1606 1275 1668 verba
1301 1611 1371 1682 „ut

176 1735 352 1780 arcanum
367 1734 564 1779 sermonem
581 1722 655 1779 tuto
671 1717 931 1792 committeret&
955 1734 1044 1796 quae
1058 1716 1211 1778 Kuebler
1232 1732 1264 1793 p.
1280 1715 1308 1791 3,
1324 1713 1364 1777 20

179 1824 322 1888 editioni
350 1841 435 1887 suae
461 1824 606 1887 inseruit
634 1824 798 1903 addens³)
820 1825 1082 1887 Volkmannum
1104 1841 1146 1886 ea
1168 1841 1212 1884 ex
1244 1822 1371 1885 codice·

176 1931 205 1994 O
234 1931 401 2008 attulisse,
432 1931 654 1995 inveniuntur
683 1931 822 2011 quidem
848 1932 883 1994 in
904 1931 1016 2012 Sergii
1041 1930 1219 2010 personati
1248 1931 1365 2009 expla-

174 2041 315 2104 natione
329 2041 364 2103 in
379 2039 558 2102 Donatum
580 2037 712 2118 (Gram.
728 2039 803 2102 Lat.
819 2039 877 2117 IV,
893 2040 961 2115 557,
984 2039 1024 2102 26
1038 2038 1138 2116 Keil),
1161 2037 1224 2100 sed
1239 2038 1370 2099 deesse·

176 2167 219 2211 ea
241 2149 277 2211 in
299 2147 419 2211 codice
442 2146 471 2209 Ο
494 2147 578 2210 mihi
599 2147 693 2210 credi
715 2149 805 2210 volo

283 2255 397 2318 Venio
422 2255 492 2317 iam
518 2256 562 2317 ad
589 2264 768 2318 auctorem
789 2255 894 2331 illum,
923 2253 980 2333 qui
1002 2255 1106 2330 soluS,
1130 2255 1223 2332 quod
1245 2253 1369 2329 sciam,

175 2363 332 2426 codicem
348 2362 377 2425 Ο
398 2371 560 2426 accurate
583 2362 833 2442 diligenterque
849 2361 1070 2437 examinavit,
1089 2360 1200 2440 qualis
1216 2370 1310 2423 esset
1330 2371 1364 2423 et

175 2489 265 2550 quae
282 2471 483 2548 contineret,
499 2471 533 2533 in
548 2472 662 2533 lucem
677 2470 850 2549 produxit,
867 2486 971 2549 quem
985 2470 1100 2532 locum
1118 2475 1254 2531 teneret
1274 2469 1365 2531 inter

159 2572 226 2641 'tot
248 2579 381 2641 libellos
405 2580 447 2642 de
470 2580 574 2642 rebus
597 2579 640 2641 ab
663 2577 867 2641 Alexandro
893 2577 1002 2656 gestis
1024 2576 1237 2656 compositos
1260 2594 1366 2655 expo-

175 2704 259 2751 nere
286 2696 431 2750 conatus
458 2695 520 2763 est,
550 2687 696 2748 Paulum
724 2686 800 2748 dico
827 2685 957 2764 Meyer,
984 2685 1098 2747 virum
1125 2681 1363 2747 doctissimum

174 2793 366 2874 litterisque
386 2795 681 2870 florentissimum,
705 2793 762 2872 qui
783 2793 825 2855 de
854 2792 1089 2872 scriptoribus,
1112 2791 1169 2871 qui
1197 2792 1288 2854 hanc
1316 2792 1363 2854 hi-

175 2903 320 2965 storiam
345 2902 460 2964 medio
483 2921 582 2979 aevo,
605 2911 643 2965 ut
665 2902 770 2979 aiunt,
793 2910 1044 2978 tractaverunt,
1067 2899 1196 2980 optime
1219 2900 1363 2963 meritus

175 3018 237 3072 est.
270 3010 303 3072 Is
328 2997 433 3089 igitur
457 3010 492 3073 in
519 3010 596 3072 libri
623 3027 730 3089 supra
758 3009 889 3072 laudati
914 3020 997 3071 tom.
1024 3009 1053 3070 ΙΙ
1074 3027 1106 3087 p.
1128 3007 1249 3069 21-26
1275 3008 1364 3070 haec

173 3117 249 3180 fere
272 3118 314 3180 de
337 3117 455 3180 codice
478 3127 598 3180 nostro
622 3117 793 3196 exposuit.
824 3116 987 3179 Omnium
1010 3116 1182 3194 epitomae
1205 3114 1364 3176 codicum

287 3343 305 3410 ¹)
324 3341 367 3394 Cf.
382 3341 518 3394 Carolum
532 3342 649 3410 Boysen
665 3339 927 3403 „Wochenschrilt
948 3339 992 3391 fiir
1013 3338 1175 3391 klassische
1194 3338 1363 3406 Philologie,

176 3433 273 3494 18841‘,
293 3447 320 3496 p.
343 3445 393 3494 333
414 3446 477 3497 sqq.
498 3430 623 3500 Boysen,
640 3429 689 3498 qui
704 3443 811 3481 censor
826 3427 1003 3480 Volkmanni
1023 3427 1112 3479 libelli
1132 3425 1254 3487 exstitit,
1270 3443 1307 3478 ex
1326 3442 1363 3478 eo

174 3519 297 3587 protulit
317 3520 494 3572 sententiam
513 3520 604 3572 hanc:
627 3517 780 3584 „Efficitur
796 3517 980 3585 opusculum,
996 3517 1077 3584 quod
1092 3523 1137 3568 est
1150 3516 1179 3566 in
1193 3515 1267 3567 libro
1282 3515 1364 3568 Oxo-

175 3609 278 3670 niensi,
299 3608 391 3661 multo
411 3616 479 3661 ante
501 3609 661 3675 epitomem
682 3623 749 3663 esse
772 3608 999 3675 compositum“.
1037 3607 1104 3672 Ipse
1125 3606 1242 3674 Boysen
1262 3605 1277 3659 l.
1292 3606 1308 3659 l.
1323 3606 1363 3658 ita

174 3697 285 3766 pergit:
307 3697 394 3760 „Muss
408 3714 474 3750 man
489 3699 560 3750 aber
578 3698 660 3750 nicht
680 3697 828 3767 geradezu
847 3712 946 3766 sagen,
961 3695 1020 3748 dass
1035 3696 1083 3748 die
1098 3694 1199 3746 bisher
1213 3696 1362 3748 bekannte

173 3788 501 3855 verbreiteteEpitome
513 3803 572 3840 nun
583 3788 665 3840 nicht
674 3787 756 3840 mehr
771 3787 813 3838 als
826 3786 942 3839 direkte
951 3785 1146 3854 Verkiirzung
1155 3785 1207 3837 des
1217 3784 1362 3854 Originals

174 3894 210 3928 zu
235 3877 411 3930 betrachten
438 3879 489 3940 sei,
518 3878 647 3930 sondern
675 3877 729 3929 der
750 3875 822 3929 Cod.
843 3875 908 3938 Ox„
940 3875 1014 3927 oder
1033 3873 1174 3926 vielmehr
1198 3874 1251 3926 der
1275 3873 1362 3937 Text,
1459 3925 1460 3929 ,

174 3968 234 4020 den
261 3968 360 4020 dieser
388 3968 492 4020 Codex
518 3967 720 4034 reprisentirt,
747 3966 813 4018 eine
834 3964 1008 4017 Mittelstufc
1037 3980 1087 4016 zur
1107 3964 1244 4030 Epitome
1265 3964 1361 4014 war?“

175 4056 290 4125 Quibus
304 4073 342 4108 ex
356 4057 453 4112 verbis
468 4056 661 4124 probabiliter
676 4054 797 4126 colligas
808 4053 1027 4106 Volkmannum
1049 4069 1151 4120 parum
1171 4051 1361 4119 perspexisse

174 4161 248 4208 eam,
269 4161 344 4213 quae
365 4163 396 4198 re
416 4162 495 4213 vera,
515 4153 547 4199 ut
567 4146 695 4211 docebo,
714 4144 874 4196 intercedit
893 4144 969 4195 inter
983 4143 1009 4197 O
1030 4151 1060 4196 et
1080 4143 1238 4209 epitomam
1253 4140 1361 4192 Zache-

174 4237 285 4288 rianam
304 4236 457 4290 rationem.

284 4327 304 4395 ²)
324 4325 388 4377 Iulii
407 4325 517 4377 Valerii
538 4339 586 4376 res
607 4330 711 4393 gestae
731 4322 892 4376 Alexandri
912 4322 1016 4391 magni.
1037 4321 1155 4388 Lipsiae
1179 4321 1253 4371 1888.

283 4416 305 4485 ³)
327 4414 369 4468 Cf.
392 4415 480 4467 etiam
499 4414 664 4483 Boysenum
685 4412 700 4467 l.
721 4412 738 4466 l.
