3232 5114
672 385 871 446 ..43-

35 600 60 648 p.
78 583 116 636 57
131 581 160 634 Ζ.
180 570 386 642 satellitibus
415 571 612 640 obtulerunt
641 569 790 650 primum
812 570 1024 648 Ptolomaeo,
1057 572 1154 642 cuius
1182 579 1263 642 tunc
1285 583 1365 652 post

177 697 301 759 regem
322 680 455 760 primus
477 688 552 745 erat
573 679 607 742 in
629 679 748 742 ordine
770 679 911 758 gradus.
944 678 1114 760 11101138,
1130 677 1228 761 15R.]
1263 681 1364 761 Isque

177 804 262 850 mox
283 787 328 856 ad
349 803 471 865 regem
492 786 671 867 ingressus
692 786 862 850 intimavit
882 786 913 850 ei
934 796 968 852 et
986 804 1158 866 personae
1173 788 1364 855 novitatem

178 903 213 956 et
228 911 373 968 causam
388 894 569 959 adventus.
622 893 670 955 At
684 909 770 956 vero
785 893 988 964 Alexander
1002 894 1244 960 Ptolomaeum
1258 896 1364 976 regiis

141 1001 392 1066 tornamentis
423 1001 579 1092 indutum
612 1001 801 1080 procedere
833 1000 942 1065 iussit.
984 1001 1052 1066 Ast
1079 1003 1138 1066 ubi
1167 1003 1399 1070 Candeulesa

177 1109 274 1172 illum
294 1108 436 1172 intuitus
452 1116 513 1183 est,
536 1107 726 1170 aestimans
742 1125 821 1169 eum
837 1107 1077 1174 Alexandrum
1102 1109 1212 1175 fuisse
1233 1129 1364 1190 pronus

177 1216 340 1288 adoravit
353 1216 388 1283 in
403 1225 543 1283 terram.
586 1216 695 1280 Porro
710 1216 934 1280 Ptolomaeus
949 1216 1165 1296 Antigonum
1180 1221 1364 1282 satellitem

177 1324 244 1388 sibi
295 1325 394 1394 iussit
447 1325 587 1402 adesse,
640 1343 703 1404 pro
757 1342 825 1403 quo
875 1341 954 1387 sese
1000 1325 1202 1391 Alexander
1234 1326 1364 1390 obtulit.

171 1427 338 1512 'Cumque
357 1432 553 1497 Candeules
572 1449 715 1497 causam
731 1431 785 1496 sui
799 1431 971 1498 adventus
981 1431 1183 1498 Ptolomaeo
1197 1432 1366 1504 indicaret

125 1551 158 1606 10
177 1549 383 1620 peteretque
403 1540 568 1606 auxilium
587 1540 706 1604 uxoris
725 1540 997 1619 recuperandae,
1019 1540 1066 1606 ait
1080 1540 1303 1606 Ptolomaeus
1319 1543 1364 1606 ad
1384 1549 1417 1603 10
1534 1576 1538 1582 ·

175 1647 433 1714 Alexandrum:
456 1647 567 1726 „Quid
587 1647 657 1724 tibi,
678 1647 865 1728 Antigone,
888 1665 994 1727 super
1016 1649 1082 1712 hac
1098 1647 1270 1714 sententia
1285 1667 1363 1712 cen-

175 1757 325 1822 sendum
346 1757 520 1820 videtur?“
550 1792 589 1800 -—
621 1755 814 1835 Respondit
835 1756 1051 1846 Alexander:
1082 1755 1220 1834 ‚,Cum,“
1246 1757 1362 1837 inquit,

176 1863 429 1941 „confidentiae
451 1863 691 1943 amicitiaeque
713 1881 811 1927 more
830 1881 915 1928 usus
935 1862 1143 1944 suffragium
1158 1881 1180 1928 a
1195 1875 1229 1928 te
1244 1865 1363 1944 implo-

176 1982 242 2050 rat,
268 1972 412 2052 dignum
436 1972 520 2038 mihi
545 1972 683 2037 videtur
707 1971 754 2036 illi
781 1972 1083 2036 succurrendum.“
1126 1972 1262 2039 Deinde
1288 1990 1363 2052 per-

120 2090 155 2144 15
175 2089 359 2147 cunctatur
386 2080 618 2153 Ptolomaeus
650 2088 733 2158 quot
765 2079 858 2144 milia
890 2079 1036 2142 militum
1069 2079 1267 2144 Candeules
1299 2081 1363 2143 sibi
1382 2085 1415 2146 15

174 2189 378 2260 necessaria
399 2198 546 2268 putaret.
583 2188 780 2268 Respondit
806 2189 880 2251 ille:
910 2197 1081 2268 quattuor.
1124 2188 1258 2260 Rursus
1286 2190 1362 2252 Pto·

174 2299 335 2363 lomaeus
357 2296 574 2361 Alexandro:
603 2296 743 2373 ,‚Nulli‚“
766 2296 883 2376 inquit,
908 2315 947 2373 „o
970 2296 1156 2376 Antigone,
1178 2297 1212 2360 id
1233 2297 1363 2360 laboris

176 2401 332 2469 officium
353 2402 477 2476 melius
499 2403 759 2482 exsequendum
781 2404 896 2480 cred0,
920 2421 1024 2482 quam
1043 2403 1112 2480 tibi,
1135 2404 1193 2484 qui
1207 2404 1242 2466 in
1258 2405 1363 2468 omni-

174 2512 243 2574 bus
258 2519 398 2581 strenue
414 2527 455 2574 ac
466 2510 625 2580 nobiliter
637 2512 817 2574 decertare
829 2514 1094 2578 consueveras“
1128 2511 1272 2578 Fatetur
1284 2511 1363 2574 Ale-

118 2629 156 2682 20
175 2620 311 2684 xander
333 2637 372 2682 se
392 2619 427 2682 id
449 2618 566 2682 libenti
588 2618 702 2684 animo
725 2627 1000 2698 prosecuturum.
1069 2633 1070 2642 ¹
1381 2626 1416 2682 20

258 2727 307 2790 20.
349 2726 508 2806 Accepta
541 2727 645 2807 igitur
681 2727 900 2806 expeditione
940 2725 1087 2805 proiecti
1126 2735 1207 2792 sunt
1248 2727 1361 2804 ambo,

177 2835 381 2900 Alexander
395 2834 556 2903 videlicet
575 2853 655 2901 cum
674 2835 745 2899 suis
767 2834 1033 2913 Candeulesque
1052 2851 1131 2902 cum
1151 2835 1232 2898 suis
1272 2833 1362 2915 [Val.

36 2971 60 3020 p.
75 2951 111 3006 58
124 2953 155 3005 Z.
179 2943 303 3021 14011
345 2943 439 3023 Ergo
461 2942 520 3007 ubi
541 2943 586 3006 ad
606 2943 738 3018 urbem,
763 2942 799 3004 in
820 2959 890 3020 qua
911 2941 1091 3020 praefatus
1113 2941 1362 3020 Bebryciorum

176 3059 347 3130 tyrannus
374 3052 576 3117 morabatur
606 3069 685 3118 curn
714 3060 816 3130 rapta
847 3050 1004 3129 coniuge,
1037 3050 1261 3126 devenerunt,
1290 3049 1375 3111 iniit-

176 3158 379 3230 Alexander
401 3158 591 3234 consilium,
613 3168 650 3225 ut
670 3158 808 3238 ignibus
830 3175 935 3238 quam
956 3157 1113 3236 plurimis
1128 3157 1306 3220 succensis
1327 3156 1362 3218 in
1381 3163 1415 3218 25

176 3283 305 3346 gyrum
330 3265 480 3346 undique
506 3265 701 3331 incendium
728 3265 804 3328 urbi
825 3264 1025 3329 minaretur.
1069 3263 1145 3342 Quo
1168 3265 1244 3326 viso
1267 3265 1362 3326 cives

136 3385 155 3436 5
177 3383 282 3453 atque
304 3391 342 3436 re
364 3374 513 3453 cognita,
538 3383 571 3436 et
593 3375 685 3453 quod
707 3373 882 3437 exercitus
904 3381 998 3435 esset
1014 3372 1201 3436 Candeulis
1216 3389 1363 3437 uxorem
1438 3439 1442 3454 ,

176 3482 376 3560 repetentis
399 3481 555 3562 protinus
577 3483 694 3547 aulam
712 3480 851 3559 tyranni
869 3479 1040 3545 irruentes
1060 3481 1363 3559 comprehensam-

177 3607 246 3670 que
273 3598 410 3669 raptam
436 3588 620 3668 coniugem
647 3588 815 3652 Candeuli
840 3588 1039 3666 restituunt;
1067 3588 1190 3666 quibus
1216 3587 1363 3666 patratis

176 3696 312 3759 reversi
360 3707 447 3759 sunt.
531 3696 687 3776 Cumque
737 3695 933 3758 Candeules
980 3696 1182 3758 Ptolomaeo
1231 3694 1362 3773 gratias
1381 3701 1416 3755 30

175 3822 243 3886 pro
274 3803 444 3870 beneficio
476 3805 541 3868 sibi
572 3807 710 3866 conlato
745 3802 934 3878 retulisset,
978 3800 1108 3866 fatetur
1138 3802 1362 3865 Ptolomaeus

120 3922 157 3976 10
177 3931 299 3976 amore
320 3912 442 3975 matris
464 3913 537 3978 eius
559 3912 730 3974 videndae
754 3929 833 3973 sese
855 3909 1018 3989 flagrare.
1063 3909 1125 3972 Cui
1149 3908 1361 3972 Candeules:

177 4019 253 4096 „En
273 4027 411 4100 tempus
433 4023 515 4096 est,“
538 4020 654 4099 inquit,
689 4037 778 4096 „una
799 4036 937 4082 mecum
958 4018 1038 4080 illuc
1061 4035 1170 4097 usque
1192 4035 1361 4096 properes

176 4136 283 4206 atque
305 4128 349 4190 ab
371 4146 414 4190 ea
436 4127 547 4208 dignis
569 4126 733 4207 praemiis
754 4126 1016 4189 remunereris.“
1051 4126 1099 4188 At
1114 4134 1236 4188 contra
1250 4126 1362 4190 Ptolo-

176 4297 306 4369 00101
344 4298 568 4370 0000000001
607 4297 833 4369 1000000οΜ1
874 4299 906 4352 17
920 4298 1011 4366 inquit
1031 4297 1141 4366 emili
1182 4297 1216 4348 22
1229 4296 1361 4350 videlicet

176 4405 229 4441 ona.
251 4387 298 4458 01
337 4387 372 4441 24
391 4386 580 4458 1010000001
620 4387 654 4441 26
674 4387 830 4459 giruli
868 4387 1025 4442 minaretur
1044 4386 1106 4440 urbi
1127 4385 1173 4455 01
1213 4386 1246 4438 27
1266 4401 1361 4454 recog·

177 4478 240 4532 nito
260 4477 311 4548 Μ1
351 4477 538 4547 0000001101
578 4478 612 4532 28
631 4479 697 4543 fort.
717 4477 848 4546 irruunt!
882 4476 917 4530 29
936 4473 1100 4546 paralisul
1140 4474 1174 4527 3-1
1193 4473 1360 4544 dignule
