3232 5114
762 341 962 403 „50-

134 562 161 614 p.
174 543 254 598 aaz.
273 550 356 612 pars
379 531 423 594 ad
442 531 617 594 hominem
639 528 815 610 pertinens
836 527 906 590 iam
928 526 1065 607 quidem
1086 525 1283 606 putrefacta
1297 543 1339 588 ac
1354 525 1454 590 semi-

271 641 355 704 viva
375 640 567 715 videbatur,
589 637 732 700 inferior
742 654 831 708 ‚vero
846 634 994 699 beluinis
1009 633 1188 714 capitibus
1204 635 1343 713 qualem
1357 635 1454 715 Scyl-

224 781 227 788 ·
270 750 341 812 lam
372 747 489 810 ferunt
519 746 659 809 fabulae
690 754 887 824 poetarum;
922 753 1063 823 praeter
1096 743 1189 823 quod
1220 758 1289 808 non
1321 743 1453 806 caninis

270 855 452 936 lupinisve,
476 855 653 918 enimvero
674 849 813 917 leonum¹
837 862 871 916 et
894 853 1083 931 pardorum
1104 869 1333 932 ursorumque
1349 860 1454 931 atque

231 965 463 1027 5-draconum
486 962 654 1042 capitibus
675 961 817 1040 inguina
836 960 996 1023 infantuli
1010 959 1246 1040 cingebantur.
1280 959 1381 1037 Quod
1395 958 1455 1022 ubi
1492 969 1511 1020 5

270 1071 473 1135 Alexandro
494 1069 689 1133 intimatum
711 1077 773 1146 est,
794 1068 951 1148 protinus
973 1067 1154 1130 mulierem
1175 1066 1340 1129 advenire
1354 1066 1455 1130 iussit

271 1189 478 1260 partumque
510 1187 715 1242 monstrare.
768 1175 970 1240 Adveniens
1005 1175 1063 1237 illa
1097 1174 1241 1237 nudavit
1275 1175 1454 1252 infantem,

269 1296 532 1367 monstrumque
568 1287 755 1350 ostendens
782 1283 944 1365 professa
973 1293 1026 1346 est
1057 1302 1095 1346 se
1127 1283 1315 1363 peperisse.
1363 1281 1454 1364 [Val.

268 1461 418 1515 2scillam
431 1458 479 1530 M!
514 1461 608 1513 3non
626 1474 676 1512 om.
690 1457 742 1525 M!
780 1457 976 1511 6nuntiatum
996 1455 1101 1523 estO!
1139 1455 1182 1524 7!8
1202 1453 1355 1509 adveniens
1368 1471 1456 1522 aeque

264 1551 308 1602 ad
327 1549 469 1619 peperisse
489 1566 538 1602 om.
558 1547 601 1617 O!

352 1782 393 1854 At
408 1799 489 1848 vero
499 1780 682 1838 Alexander
697 1780 830 1838 collecto
847 1780 990 1838 exercitu
1012 1781 1071 1840 iter
1093 1779 1132 1836 ad
1154 1779 1357 1855 Babyloniam
1379 1797 1456 1837 con-

212 1881 253 1935 95
272 1882 373 1952 vertit,
401 1882 431 1938 in
457 1898 519 1952 qua
546 1886 712 1952 susceptus
738 1879 976 1936 honoratissime
998 1886 1157 1936 certamen
1179 1877 1357 1953 gymnicum
1379 1896 1456 1936 con-

269 1980 420 2038 celebrat.
448 1979 551 2051 Atque
574 1978 646 2034 inde
669 1979 729 2034 iam
752 1978 918 2051 pacificum
940 1977 998 2034 iter
1020 1984 1150 2050 captans
1172 1977 1259 2034 hisce
1281 1976 1391 2034 litteris
1415 1978 1457 2034 ad

272 2078 491 2154 Olympiadam
507 2084 649 2148 ¹matrem
675 2094 761 2132 suam
788 2075 911 2133 scribit:
940 2059 1060 2149 „Super
1086 2076 1133 2132 his
1156 2077 1292 2148 quidem,
1319 2093 1402 2149 quae
1424 2077 1456 2134 in

272 2177 433 2250 principiis
456 2175 612 2250 egerimus
635 2175 674 2231 ad
695 2174 864 2232 Asiaticam
886 2191 985 2246 usque
1008 2173 1253 2248 expeditionem,
1275 2175 1378 2232 omnia
1397 2175 1455 2232 tibi
1495 2181 1516 2232 5

273 2283 346 2332 nota
375 2283 455 2344 sunt,
486 2282 593 2330 mater.
637 2271 782 2344 Aequum
809 2282 914 2329 tamen
943 2273 1000 2330 fuit
1028 2281 1061 2331 et
1088 2274 1127 2330 de
1157 2274 1395 2346 insequentibus
1422 2282 1455 2331 te

188 2377 245 2430 100
273 2375 378 2432 facere
410 2373 585 2430 certiorem.
620 2371 782 2429 Profectus
814 2371 930 2444 quippe
964 2390 981 2428 a
1012 2371 1171 2447 Babylone
1202 2391 1263 2430 una
1294 2390 1365 2430 curn
1396 2373 1456 2444 his,

273 2490 352 2545 quos
377 2473 477 2547 magis
499 2479 643 2528 strenuos
666 2471 697 2526 in
719 2471 861 2527 exercitu
883 2470 1047 2542 habebam,
1071 2471 1101 2527 in
1123 2472 1271 2530 ulteriora
1290 2471 1458 2546 regionum

274 2572 409 2629 animum
431 2571 548 2628 intendi
571 2569 764 2642 pervenique
787 2585 886 2641 usque
910 2568 949 2625 ad
971 2568 1116 2626 Herculis
1140 2570 1246 2626 stellas
1268 2587 1330 2627 non
1352 2570 1458 2628 minus

273 2671 383 2727 itinere
411 2669 532 2726 dierum
561 2671 658 2725 ferme
685 2668 855 2742 nonaginta
881 2669 1033 2740 quinque,
1066 2669 1146 2726 lama
1175 2668 1214 2725 de
1243 2668 1380 2727 Hercule
1409 2670 1456 2727 sic
1479 2671 1517 2724 10

273 2769 431 2841 loquente,
467 2769 552 2840 quod
579 2767 674 2824 hasce
701 2774 800 2824 metas
822 2767 1083 2842 peregrinationis
1107 2785 1182 2826 suae
1205 2768 1318 2840 fixerit,
1347 2768 1400 2840 qui
1424 2776 1458 2825 et

195 2870 253 2923 5105
273 2869 350 2925 duas
373 2868 477 2938 stelas,
500 2866 530 2923 id
553 2875 602 2923 est
621 2866 727 2924 titulos
749 2865 796 2923 sui
817 2865 959 2937 nominis,
982 2864 1098 2922 ibidem
1123 2867 1299 2939 dereliquit,
1322 2884 1457 2939 quorum

274 2947 354 3023 unus
370 2985 411 3023 ex
427 2983 511 3036 auro,
534 2965 702 3022 alterivero
719 2971 887 3039 argenteus
902 2963 1063 3034 habeatur,
1087 2964 1255 3023 altitudinis
1278 2965 1457 3022 cubitorum

273 3064 461 3136 quindecim,
486 3063 699 3121 crassitudinis
721 3062 862 3120 duorum.

352 3163 434 3221 Hinc
457 3180 534 3237 ergo
556 3178 613 3235 per
636 3162 761 3219 deserta
782 3161 951 3218 redeuntes
973 3161 1131 3233 multaque
1154 3170 1323 3236 praerupta
1345 3162 1456 3220 incidi·
1480 3164 1518 3218 15

272 3279 340 3319 mus
362 3262 432 3318 loca
454 3261 585 3318 obsessa
607 3260 813 3318 crassioribus
833 3259 967 3317 nubibus
987 3278 1023 3317 ac
1040 3259 1209 3331 nebulosis,
1232 3278 1314 3332 quae
1330 3277 1458 3317 omnem

199 3363 255 3416 nlo
274 3360 459 3433 adspectum
485 3360 607 3417 luminis
635 3359 823 3416 sustulerant
850 3367 882 3415 et
907 3359 979 3416 diei.
1015 3359 1143 3431 Septem
1170 3358 1305 3431 denique
1333 3359 1457 3416 dierum

274 3458 385 3515 itinere
401 3475 458 3530 per
473 3459 528 3514 has
543 3457 691 3515 tenebras
707 3458 873 3514 exanclato
888 3458 1015 3514 tandem
1030 3457 1256 3515 Thermodonti
1272 3458 1457 3532 superveni-

273 3640 289 3691 2
323 3639 517 3706 gymnasicum
547 3637 588 3690 Va
625 3639 710 3703 (unde
742 3635 947 3705 gymnasticum
974 3654 1123 3708 perperam
1154 3639 1296 3701 Editores)
1337 3654 1456 3706 gynma-

274 3729 402 3795 siumque
422 3729 462 3796 Vp
492 3727 496 3796 !
539 3727 648 3780 3inter
667 3728 706 3794 Vp
735 3725 739 3794 Ι
783 3729 918 3794 coeptans
937 3727 995 3794 Vap
1023 3727 1027 3796 !
1069 3727 1114 3780 his
1132 3727 1172 3795 Vp
1199 3729 1202 3796 !
1244 3727 1363 3796 Aquae!
1384 3743 1458 3794 quas

273 3817 369 3869 Maias
393 3825 417 3870 et
440 3817 560 3869 Kaebler
587 3815 591 3885 !
638 3815 710 3869 5ad
728 3815 825 3869 Asiam
848 3832 936 3882 usque
957 3816 1150 3883 expeditiones
1169 3818 1228 3886 Vap
1252 3819 1424 3884 (perperam)
1450 3815 1454 3880 !

265 3908 290 3960 v6
312 3907 368 3961 sint
386 3907 457 3978 Va!
501 3911 591 3961 mater
613 3907 723 3974 miV!
766 3905 912 3974 lquippe!
938 3921 1002 3974 ergo
1022 3906 1093 3975 Vp!
1136 3907 1173 3960 ad
1196 3906 1369 3975 Babylonem
1389 3905 1453 3974 Va!

265 3997 501 4050 ·9slelasMaius
520 4000 561 4062 (in
581 3997 756 4060 Val.recte)!
792 3995 1013 4062 tolerantia!
1048 3995 1236 4064 famaqueO!
1271 3997 1302 4049 11
1319 3997 1458 4064 quoshas

273 4091 415 4140 scematas
435 4087 475 4154 Vp
504 4086 509 4154 !
554 4085 645 4139 fixerit
664 4087 733 4139 deus
752 4085 807 4151 ille,
835 4085 923 4151 quiV
951 4086 955 4152 !
1001 4086 1035 4138 12
1054 4086 1186 4155 nominis!
1214 4087 1350 4154 quosdam
1369 4083 1455 4156 Vap!

275 4175 386 4246 reliquit
404 4177 465 4244 Vp!
501 4177 540 4230 13,
553 4177 710 4230 habebatur
722 4177 761 4243 Vp
782 4175 898 4241 (recte)!
934 4175 968 4228 14
987 4176 1095 4228 duobus
1115 4175 1137 4229 Ο
1157 4178 1205 4242 (cf.
1229 4177 1324 4242 Val.)!
1358 4178 1393 4230 15
1412 4193 1458 4232 re-

275 4265 386 4318 deuntis
406 4266 445 4333 Vp
463 4267 500 4332 αΙ
535 4267 622 4320 multa
641 4266 682 4319 Va
700 4265 817 4332 (recte)!
853 4264 886 4318 15
906 4264 1056 4318 incidimus
1076 4281 1125 4316 om.
1143 4266 1214 4338 Vp!
1248 4267 1282 4320 16
1302 4267 1366 4321 loca
1383 4283 1457 4335 quae

266 4356 333 4407 xobs.
354 4356 413 4423 Vap
468 4354 471 4425 !
540 4354 719 4408 nebulosisve
745 4370 856 4407 omnem
883 4353 942 4422 (om.
963 4354 1021 4422 Vp.)
1044 4354 1158 4408 omnino
1184 4356 1349 4423 adspectum
1370 4357 1428 4425 Vap
1452 4355 1456 4428 !

275 4446 308 4498 17
329 4445 366 4512 et!
387 4461 420 4497 ac
439 4445 519 4512 Vap!
554 4444 610 4497 diei
629 4461 677 4496 om.
698 4444 758 4512 Vp!
794 4444 827 4496 18
840 4447 984 4497 transacto
1003 4460 1088 4510 super
1108 4446 1256 4499 exanclato
1275 4445 1317 4514 0!
1352 4451 1458 4502 termo-

265 4533 353 4587 «donti
372 4534 412 4601 Vp
439 4533 611 4587 therindonti
629 4532 669 4586 Va
689 4531 693 4604 !
