3232 5114
640 402 842 464 ..15.*

12 631 31 666 r.
47 609 82 662 25
96 606 123 658 Ζ.
143 595 235 672 tibi,“
271 591 388 672 inquit,
425 608 465 667 „o
493 599 603 670 pater,
630 589 812 669 Olympias
847 591 920 653 tua!
956 591 1062 670 Agite
1092 608 1223 671 quaeso
1255 600 1335 672 post

145 706 236 768 iram
257 698 524 778 integrationem
554 697 745 778 coniugalis
772 697 931 775 affectae,
959 717 1025 761 nec
1054 699 1097 762 sit
1125 699 1334 778 pudendum,

145 813 176 876 si
197 810 290 874 filius
313 807 379 870 sim
400 805 601 886 parentibus
623 807 833 885 copulator.“
856 805 920 868 His
943 805 1042 868 dictis
1062 807 1225 886 impetrat
1243 805 1335 885 quod

94 933 127 986 10
144 921 293 984 laborat.
400 973 402 980 .

228 1026 278 1088 23.
315 1023 405 1103 [Val.
427 1021 476 1098 26,
498 1020 539 1102 9.]
574 1021 639 1084 His
670 1021 781 1084 ferme
813 1021 943 1099 diebus,
976 1021 1099 1101 quibus
1134 1023 1223 1086 haec
1257 1015 1390 1088 acta'a

146 1144 237 1210 sunt,
274 1132 441 1194 Mothona
473 1129 599 1192 civitas
630 1129 807 1192 nuntiatur
838 1129 1005 1209 obsequio
1038 1129 1238 1193 descivisse.
1281 1129 1338 1193 Ad

147 1257 254 1322 quam
269 1238 448 1318 Philippus
470 1237 585 1301 animo
607 1236 777 1313 incitatus
801 1254 881 1299 cum
902 1237 1017 1300 adhuc
1030 1237 1161 1300 viribus
1182 1237 1338 1317 corporis

147 1347 325 1422 deficeret,
355 1353 589 1425 opportunum
617 1353 715 1406 ratus
744 1353 797 1406 est
818 1344 1059 1406 Alexandrum
1088 1362 1168 1407 cum
1189 1344 1338 1407 multitu-

95 1474 128 1528 15
148 1457 227 1518 dine
250 1447 367 1516 hostili
386 1453 466 1516 illuc
488 1452 576 1515 mitti
597 1452 733 1515 debere.
759 1451 865 1532 quue
887 1453 1093 1516 adolescens
1110 1463 1339 1532 properanter

147 1561 351 1642 exsequitur
395 1558 645 1639 diligenterque
697 1560 878 1622 subactam
928 1569 1158 1624 memoratam
1204 1561 1393 1629 nuntiatio

148 1669 336 1734 civitatem.
379 1666 472 1730 Dum
504 1666 609 1746 igitur
642 1655 824 1746 ingressus
860 1667 904 1729 ad
935 1676 1071 1746 patrem
1106 1668 1195 1731 haec
1230 1668 1338 1731 nunti-

149 1784 235 1852 aret,
278 1774 363 1838 vidit
404 1774 495 1836 forte
536 1773 571 1836 in
613 1774 717 1835 domo
752 1774 851 1854 regia
884 1773 980 1836 viros
1020 1774 1171 1837 barbaro
1209 1775 1337 1854 habitu,

148 1896 451 1965 percunctansque
479 1880 660 1959 cognoscit
686 1880 784 1943 Darii
805 1880 899 1960 regis
920 1881 1107 1944 Persarum
1129 1883 1339 1962 legationem

96 2012 130 2065 20
148 1992 270 2067 fuisse,
286 1983 356 2069 'qui
376 1997 547 2052 venerant
567 2005 631 2066 pro
653 1987 780 2050 tributo
804 1998 907 2066 atque
930 2005 1045 2065 censu,
1073 1998 1188 2052 terrae
1210 1990 1340 2052 scilicet

149 2112 185 2163 et
207 2115 329 2180 aquae.
366 2095 510 2160 Miratur
532 2094 734 2157 Alexander
762 2103 796 2157 et
822 2093 962 2173 petendi
988 2113 1124 2158 morem
1150 2107 1184 2158 et
1205 2097 1340 2160 titulum
1361 2113 1394 2167 15

151 2207 305 2287 dixitque
336 2205 403 2281 uni,
437 2203 494 2283 qui
522 2202 655 2282 primus
682 2202 820 2264 illorum
849 2219 927 2264 esse
949 2203 1145 2267 videbatur:
1179 2206 1341 2282 „Haecne

12 2353 39 2404 p.
52 2336 87 2388 26
101 2336 129 2391 Z.
151 2318 326 2378 elementa
347 2311 526 2374 venditant
547 2310 677 2372 Persae
699 2308 912 2386 mortalibus,
935 2327 1024 2390 quae
1047 2310 1133 2374 deus
1154 2313 1287 2376 cunctis
1308 2313 1342 2376 in

150 2438 337 2486 commune
371 2419 517 2498 largitus
553 2419 644 2480 est?“
688 2417 840 2480 Dolebat
871 2434 966 2496 erg0,
998 2419 1090 2498 quod
1125 2419 1189 2482 viri
1224 2420 1343 2499 graeci

150 2528 301 2594 nominis
323 2544 365 2590 ac
388 2525 563 2606 dignitatis
578 2525 770 2604 vectigales
792 2525 950 2588 barbaris
972 2526 1106 2590 fierent.
1128 2527 1235 2607 Igitur
1249 2527 1342 2591 ferre

150 2639 247 2700 iubet
274 2635 318 2697 ad
340 2634 487 2696 Darium
509 2649 530 2695 a
552 2651 590 2694 se
612 2632 787 2708 mandata,
820 2632 950 2696 scilicet
978 2634 1027 2697 uti
1048 2636 1092 2696 ab
1114 2637 1181 2698 hac
1202 2635 1342 2714 petendi
1361 2652 1396 2705 20
1469 2647 1471 2652 ’

114 2742 402 2819 5consuetudine
431 2750 656 2819 temperaret;
686 2738 740 2801 sin
767 2739 875 2816 aliter,
905 2740 1009 2803 sciret
1044 2759 1122 2804 sese
1156 2758 1235 2805 cum
1263 2741 1342 2804 Ale-

152 2854 289 2917 xandro
311 2851 442 2931 proelio
465 2849 579 2912 acrius
602 2856 892 2911 concertaturum.
914 2847 978 2910 His
993 2849 1092 2912 dictis
1107 2850 1213 2930 exigit
1234 2849 1341 2912 homi·
1421 2829 1424 2834 ¹

151 2979 216 3024 nes
238 2958 421 3040 proficisci.
444 2957 588 3034 Interea,
611 2957 693 3019 dum
714 2972 835 3020 rursus
848 2955 965 3019 vicina
980 2957 1101 3020 civitas
1117 2959 1160 3020 de
1175 2957 1341 3037 obsequio

151 3068 345 3142 vacillaret,
378 3067 480 3128 datur
511 3063 714 3127 Alexandro
747 3064 934 3144 expeditio;
967 3065 1066 3144 pergi
1098 3083 1235 3146 quoque
1262 3066 1343 3129 illuc

155 3178 290 3240 iussum
313 3183 375 3236 est.
1361 3187 1395 3244 25

101 3304 135 3358 10
235 3280 562 3362 24.·[Va1.27,15.]
598 3281 786 3343 Enimvero
814 3282 947 3346 interea
978 3281 1170 3344 Pausanias
1202 3281 1342 3360 quidam

153 3389 310 3465 nomine,
347 3388 469 3467 opibus
505 3397 540 3450 et
574 3387 704 3450 deliciis
740 3388 903 3466 affluens,
938 3389 984 3450 in·
1008 3388 1224 3468 Olympiadis
1256 3389 1342 3451 desi-

154 3497 290 3561 derium
312 3513 536 3576 amoremque
558 3497 743 3574 prolapsus
766 3504 827 3558 est.
857 3495 923 3573 Qui
938 3513 1016 3557 cum
1031 3514 1094 3575 per
1114 3496 1342 3559 internuntios

154 3607 390 3683 adtemptaret
406 3613 439 3666 et
454 3604 576 3666 mulier
591 3604 810 3680 consentiret,
833 3604 963 3666 scilicet
978 3613 1015 3666 ut
1030 3604 1168 3666 deserto
1184 3603 1341 3684 Philippo

155 3786 244 3842 itibi
263 3803 314 3840 om.
335 3787 361 3838 M
392 3783 409 3855 1,
443 3786 459 3837 2
483 3784 665 3853 integrationi
691 3785 859 3854 coniugatus
880 3798 898 3833 α
929 3785 931 3855 1
983 3784 1138 3838 effectusS
1168 3783 1172 3856 1
1220 3786 1341 3853 3copu·

154 3878 230 3932 latus
251 3875 295 3942 Sl
330 3874 499 3928 6meth0na
519 3874 563 3938 011
583 3874 728 3928 mathonia
749 3875 793 3942 α1
833 3876 868 3928 ab
889 3875 1030 3942 obsequiis
1051 3875 1097 3938 Ol
1137 3875 1277 3928 ilhostoli
1297 3873 1339 3944 Sl

156 3967 191 4020 10
217 3965 422 4033 diligenterque
450 3966 474 4016 M
501 3964 578 4032 (Vap,
608 3969 634 4016 et
654 3963 801 4032 diligenter
827 3965 870 4025 Vt)
898 3965 1045 4031 diligenter
1078 3980 1188 4032 quoque
1215 3964 1308 4026 SOoB
1336 3963 1339 4033 1

156 4056 191 4108 12
208 4054 287 4107 viros
300 4054 435 4107 barbaros
449 4054 547 4107 habitu
568 4054 612 4121 (ex
630 4054 744 4107 habitus
764 4054 845 4122 corr.)
861 4055 875 4114 β
892 4056 895 4122 1
931 4055 1075 4122 cognoscit
1093 4055 1170 4122 Epir.
1190 4056 1262 4106 codd.
1283 4055 1342 4122 (Vp)

155 4144 286 4214 agnoscit
306 4142 384 4212 Vati
423 4143 532 4198 scilicet
552 4149 645 4197 terrae
665 4149 693 4197 et
713 4145 760 4212 (11
801 4145 834 4198 16
854 4145 1002 4198 videbatur
1022 4159 1084 4198 esse
1104 4145 1155 4213 Μ1
1190 4145 1225 4196 23
1244 4159 1341 4196 rursus

156 4235 223 4288 dum
244 4233 271 4286 M
291 4233 391 4287 civitas
411 4233 506 4288 vicina
525 4235 592 4288 dum
612 4251 709 4288 rursus
730 4235 751 4287 0
776 4236 780 4301 1
819 4235 853 4288 25
873 4235 950 4304 pergi
969 4234 1094 4303 (pergere
1113 4252 1135 4286 s.
1149 4235 1166 4288 1.
1187 4234 1210 4302 β)
1232 4249 1340 4301 quoque

155 4325 224 4378 illuc
248 4322 315 4391 (illic
335 4324 371 4392 Μ)
390 4323 498 4377 iussum
519 4328 561 4376 est
580 4325 658 4391 Epir,
682 4325 756 4376 codd.
780 4324 857 4392 pergi
882 4341 991 4391 quoque
1011 4323 1120 4377 iussum
1139 4328 1182 4377 est
1202 4323 1241 4391 Vp
1268 4324 1341 4391 (per-

155 4414 252 4483 gitque
266 4413 300 4466 vt
319 4412 411 4482 pergit
423 4414 472 4481 lia)
485 4413 639 4482 pergitque,
660 4429 715 4481 quo
728 4415 837 4466 iussum
851 4418 894 4466 est
907 4414 1028 4466 Kuehler
1044 4414 1048 4481 1
1082 4415 1117 4466 26
1136 4414 1282 4466 enimvoce
1296 4414 1314 4467 S
1336 4412 1339 4483 1

155 4504 192 4556 27
213 4502 323 4556 deliciis
343 4501 438 4562 SOoss
458 4503 519 4572 (Va)
539 4503 645 4556 divitiis
664 4505 691 4557 M
710 4502 804 4572 (thll
