3232 5114
770 349 961 402 -XII-

270 529 473 591 Alexander
494 530 587 605 adeS,
611 529 668 608 qui
690 530 777 592 adeo
800 529 944 591 nihilum
966 545 1132 589 reverens
1154 527 1264 590 nostri
1279 527 1457 590 confiden-

271 636 403 699 tissime
425 638 612 716 loqueris?’
636 656 844 716 responsum
866 637 1000 716 accepit
1022 655 1100 699 sese
1123 637 1262 715 quidem
1283 636 1457 698 internun-

271 745 357 808 tium
379 763 466 821 esse,
490 745 581 808 enim
602 765 666 825 pro
687 746 763 826 ipso
779 747 982 808 Alexandro
998 744 1092 822 loqui
1107 746 1299 823 oportere“.
1323 743 1375 806 Cf.
1391 745 1457 805 hos

270 871 410 931 quoque
432 855 543 916 locos:
566 853 645 932 epit.
664 855 709 930 14,
733 855 810 916 1-5
825 855 871 933 (=
888 854 966 916 Val.
981 853 1029 929 24,
1045 852 1154 930 3-8),
1177 851 1256 930 epit.
1272 851 1320 927 22,
1339 851 1458 913 15-18

273 962 319 1037 (=
331 960 409 1022 Val.
422 960 469 1036 62,
482 960 611 1039 8-10);
635 961 713 1040 epit.
732 962 776 1038 19,
793 962 833 1024 28
848 962 894 1039 (=
906 962 983 1024 Val.
998 961 1047 1036 50,
1063 961 1113 1038 8);
1135 960 1214 1038 epit.
1230 960 1278 1034 43,
1295 959 1425 1035 30-44,
1439 961 1458 1020 6

273 1067 319 1144 (=
334 1068 496 1142 Val.140,
516 1068 656 1145 11-27).
698 1069 762 1130 His
785 1088 829 1131 ex
851 1068 1020 1147 exemplis
1046 1069 1149 1145 plane
1174 1076 1320 1144 apparet
1341 1065 1457 1145 Epito-

273 1185 453 1249 matorem,
480 1175 614 1237 etiamsi
642 1178 846 1254 plerumque
875 1175 1006 1238 Valerii
1036 1174 1271 1236 narrationem
1295 1173 1456 1248 fideliter,

272 1292 440 1362 quantum
454 1282 489 1344 in
505 1283 657 1362 epitoma
671 1283 748 1346 fieri
762 1284 883 1362 potuit,
900 1282 1103 1359 servaverit,
1121 1281 1355 1361 compluribus
1370 1281 1461 1344 locis.

272 1407 350 1452 eam
372 1389 563 1452 mutavisse
592 1399 651 1452 aut
677 1390 806 1469 aliquid
832 1390 863 1452 ei
885 1390 1070 1454 addidisse.
1114 1390 1230 1467 Atque
1253 1407 1332 1451 cum
1354 1388 1456 1452 huius

272 1497 321 1559 rei
343 1497 377 1560 in
400 1496 442 1558 Oi
463 1501 661 1578 exemplum
682 1497 813 1559 frustra
835 1497 1033 1576 quaesieris,
1055 1515 1125 1559 non
1148 1497 1221 1560 sine
1244 1513 1351 1559 causa
1372 1496 1456 1558 mihi

272 1605 486 1667 conclusisse
514 1605 636 1668 videor
661 1604 737 1667 fieri
766 1623 837 1667 non
865 1622 979 1684 posse,
1008 1614 1046 1668 ut
1073 1605 1098 1666 Z
1125 1613 1158 1666 et
1188 1604 1230 1666 Oi
1258 1606 1301 1666 ab
1331 1605 1457 1666 eodem

273 1713 441 1791 scriptore
463 1730 508 1773 ex
529 1712 670 1774 Valerio
693 1712 847 1791 pleniore
869 1712 937 1775 sint
958 1714 1157 1775 translatae.
1181 1749 1219 1754 —

380 1820 559 1882 Hactenus
579 1822 621 1882 de
640 1819 784 1881 historia
802 1828 836 1881 et
855 1821 897 1882 de
916 1820 992 1899 ipsa
1010 1837 1126 1882 rerum
1145 1818 1361 1882 tractatione.
1384 1820 1457 1881 lam

273 1929 319 1990 ad
339 1945 450 2007 genus
474 1927 609 1990 dicendi
629 1937 662 1990 et
678 1929 848 1991 sermonis
867 1927 1161 2003 consuetudinem,
1186 1945 1274 2005 quae
1296 1927 1331 1989 in
1346 1927 1456 1990 tribus

272 2035 531 2099 recensionibus
553 2035 820 2114 conspiciuntur,
836 2045 987 2097 transeo.
1010 2035 1256 2112 Inquirendum
1278 2033 1351 2109 erit,
1374 2052 1455 2112 qua-

272 2152 374 2205 tenus
396 2152 430 2205 et
451 2143 669 2221 Epitomator
689 2145 740 2222 (Z)
756 2153 790 2206 et
812 2143 960 2222 scriptor
975 2143 1018 2206 Oi
1031 2143 1164 2205 Valerii
1186 2160 1297 2222 genus
1320 2143 1456 2206 dicendi

273 2251 383 2313 secuti
409 2251 485 2327 sint,
509 2251 590 2330 quid
616 2252 828 2328 retinuerint,
851 2253 934 2330 quid
952 2251 1130 2331 aspernati
1152 2251 1229 2313 sint.
1264 2250 1345 2312 Alia
1364 2251 1456 2312 enim

273 2360 406 2422 ratione
428 2359 462 2420 in
473 2359 616 2421 Valerio
638 2362 857 2438 excerpendo
880 2360 906 2421 Z
928 2360 988 2440 uti,
1010 2360 1114 2422 aliam
1133 2358 1175 2421 Oi
1194 2359 1400 2437 scriptorem
1420 2360 1455 2421 in

273 2468 396 2530 eodem
412 2467 640 2530 exscribendo
661 2467 760 2546 sequi
779 2469 883 2530 etiam
901 2468 940 2542 ei,
962 2468 1019 2546 qui
1035 2467 1145 2529 obiter
1159 2468 1455 2547 neglegenterque

273 2576 404 2655 legerit,
427 2575 651 2637 manifestum
674 2575 746 2637 erit.
772 2614 773 2622 κ

380 2684 417 2745 ln
438 2683 640 2746 universum
661 2683 766 2762 igitur
787 2692 950 2761 spectans
976 2701 1047 2745 non
1069 2701 1164 2767 quae
1186 2700 1293 2760 supra
1313 2682 1456 2744 modum

273 2791 342 2852 sint
362 2791 480 2869 inepta
502 2791 605 2867 dices,
628 2791 657 2852 si
678 2793 869 2855 contendes
890 2792 1024 2854 Valerii
1050 2791 1219 2855 tumidum
1241 2792 1325 2854 illud
1350 2800 1455 2871 atque

272 2898 432 2961 inflatum
462 2899 597 2961 dicendi
626 2917 737 2978 genus
747 2901 777 2975 ¹),
800 2901 893 2978 quod
919 2899 985 2978 ipsi
1008 2918 1086 2962 cum
1107 2899 1256 2979 Apuleio
1279 2908 1384 2978 atque
1412 2919 1456 2962 ex

272 3015 372 3085 parte
395 3006 500 3068 etiam
522 3024 600 3068 cum
615 3006 767 3068 Minucio
783 3007 889 3070 Felici
908 3025 1091 3070 commune
1113 3016 1166 3068 est
1187 3024 1300 3084 neque
1322 3008 1365 3069 ab
1387 3006 1454 3082 illa,
1512 3035 1514 3040 ·

274 3132 362 3192 quae
388 3113 562 3176 nonnullis
590 3114 675 3176 viris
705 3114 816 3176 doctis
845 3132 984 3193 semper
1012 3115 1046 3176 in
1069 3134 1129 3177 ore
1151 3125 1212 3192 est,
1240 3114 1454 3195 Africitate2)

273 3223 450 3298 abhorret,
494 3223 586 3302 apud
614 3222 888 3300 Epitomatorem
920 3225 1123 3302 plerumque
1157 3223 1346 3302 simplicius
1379 3223 1455 3286 fien'

273 3341 333 3393 aut
364 3330 503 3393 omnino
531 3329 768 3410 praetermitti.
811 3329 875 3392 Cui
904 3331 1017 3392 studio
1043 3330 1092 3392 ita
1113 3331 1139 3392 Z
1159 3331 1308 3408 indulsit,
1337 3341 1375 3393 ut
1399 3331 1455 3394 hic

272 3438 340 3500 illic
367 3438 579 3501 ieiunitatem
612 3439 786 3517 quandam
818 3439 1004 3502 adsecutus
1035 3440 1205 3502 videatur.
1249 3439 1380 3501 Contra
1413 3440 1455 3503 Oi

272 3546 422 3624 scriptor
447 3564 590 3625 perraro
616 3546 744 3609 Valerii
772 3550 881 3609 verba
909 3556 1108 3624 commutat,
1138 3557 1241 3626 atque
1270 3547 1306 3610 si
1323 3549 1358 3610 id
1384 3567 1454 3610 uno

272 3656 429 3716 alterove
457 3656 534 3716 loco
557 3653 649 3728 iacit,
678 3654 744 3716 hae
765 3655 975 3718 mutationes
997 3673 1135 3734 semper
1156 3655 1352 3718 levissimae
1375 3666 1455 3719 sunt

272 3769 332 3823 aut
353 3761 479 3823 talibus
500 3762 535 3824 in
556 3763 641 3824 locis
663 3772 857 3839 occurrunt,
880 3763 1003 3842 quibus
1018 3763 1158 3842 probari
1179 3764 1298 3842 possit,
1321 3773 1455 3826 textum

272 3869 492 3948 exemplaris
525 3888 592 3948 quo
623 3889 707 3934 usus
730 3880 792 3947 est,
820 3871 891 3933 iam
913 3881 1114 3950 corruptum
1135 3872 1252 3934 fuisse.
1295 3872 1396 3949 Quod
1417 3882 1455 3935 ut

274 3979 427 4056 probem,
449 3978 536 4039 haec
559 3981 719 4057 exempla
740 3978 926 4057 proferam.

386 4148 403 4215 ¹)
424 4146 467 4202 Cf.
482 4146 628 4216 Geierum,
645 4148 831 4210 „Zeitschrift
845 4148 1348 4212 s.Altertumswissenschast1838‘¹,
1365 4166 1392 4215 p.
1403 4166 1455 4214 419

273 4244 304 4289 et
323 4235 538 4306 Landgralium,
560 4237 745 4300 „Zeitschrilt
766 4238 782 4292 l.
804 4239 831 4292 d.
853 4238 935 4295 Oest.
957 4238 1135 4310 Gymnasien
1159 4240 1251 4302 1882“,
1272 4256 1299 4306 p.
1314 4255 1373 4303 429.

382 4329 403 4394 ²)
421 4327 516 4379 Etiam
544 4327 632 4379 Iulius
657 4327 791 4380 Valerius
820 4328 848 4379 in
871 4330 1048 4396 scriptorum
1070 4327 1274 4381 Africanorum
1302 4345 1454 4382 numerum

273 4431 367 4482 nuper
378 4424 517 4483 receptus
529 4423 583 4480 est,
595 4416 633 4469 cf.
644 4416 849 4485 Landgrafium
863 4417 878 4468 l.
891 4417 906 4471 l.
919 4425 949 4470 et
961 4418 1045 4482 „Phil
1057 4419 1236 4471 Rundschau
1251 4421 1343 4482 18811‘,
1355 4435 1382 4485 p.
1397 4425 1455 4474 126.
