3232 5114
670 385 873 438 -XXI—

179 565 385 640 trepidarent,
425 583 495 623 cum
532 565 582 622 illa
618 583 744 639 quoque

181 692 277 732 causa
306 673 345 730 ab
375 673 589 749 indignatione
618 675 745 732 victoris
789 721 791 729 r

180 797 253 837 sese
276 781 383 852 utique
406 788 556 851 tueretur,
572 782 657 854 quod
679 783 744 853 ple-

181 888 271 960 rique
286 870 409 945 soleant
424 889 454 944 in
470 889 622 947 ultionem
633 889 744 963 prioris

180 996 390 1053 contumeliae
417 996 539 1068 insequi
569 1004 743 1069 superatos

179 1103 251 1160 Non
281 1103 373 1160 Indos
406 1103 487 1160 enim
519 1103 631 1178 culpae
664 1103 745 1160 illius

180 1225 253 1267 reos
274 1210 357 1284 apud
378 1226 411 1266 se
433 1211 539 1280 fuisse,
559 1227 667 1268 verum
687 1211 744 1268 Po-

180 1336 259 1388 rum,
296 1319 348 1390 qui
384 1326 431 1374 sat
467 1318 526 1375 sibi
561 1335 743 1394 poenarum,

179 1443 262 1498 quae
284 1426 338 1483 lex
360 1425 443 1496 belli,
465 1425 594 1496 monuit,
613 1427 745 1498 praesti-

179 1532 278 1591 tisset.
295 1533 379 1608 „Sed
395 1516 434 1590 ne
451 1533 509 1606 ipsi
522 1534 650 1605 quidem
664 1535 744 1592 ultra

180 1640 241 1696 iam
253 1640 351 1697 hostis
364 1645 461 1711 sum“,
471 1641 521 1698 ait.
539 1641 641 1716 „Quin
650 1642 744 1699 etiam

180 1747 287 1804 hortor
299 1765 476 1819 moneoque
488 1766 555 1818 vos,
568 1749 611 1807 uti
624 1766 742 1824 regern,

178 1863 213 1911 ut
234 1855 280 1912 fas
304 1855 404 1930 exigit
420 1863 451 1912 et
467 1856 557 1912 vobis
573 1857 668 1914 moris
684 1865 741 1928 est,

179 1961 359 2035 sepulturae
383 1963 550 2021 inseratis“.
593 1962 641 2022 Ad
664 1965 742 2022 haec

179 2070 263 2127 dicta
278 2068 451 2127 Alexandri
474 2089 536 2131 non
559 2080 742 2128 cunctanter

178 2176 307 2250 quidem
336 2177 541 2249 adquIeverat
574 2179 621 2236 vis
652 2179 743 2237 Indo-

139 2266 142 2272 *
178 2301 255 2340 rum.
285 2285 349 2342 Sed
370 2286 451 2341 enim
474 2285 656 2343 Alexandro
680 2304 742 2344 non

178 2391 299 2462 absque
322 2392 387 2448 utili
410 2393 564 2466 sapientia
586 2393 664 2451 haec
687 2394 742 2450 hu-

177 2499 310 2556 manitas
344 2499 479 2570 sederat,
516 2518 587 2558 curn
619 2509 650 2557 et
680 2501 742 2558 vim

177 2605 314 2663 Indicam
330 2624 427 2680 saepe
443 2616 594 2681 expertus
615 2609 696 2665 soret
711 2617 743 2666 et

178 2714 329 2786 pleraque
357 2715 494 2787 praedae
520 2733 637 2792 eorum,
660 2733 740 2788 quae

179 2838 286 2878 secum
302 2821 434 2893 plurima
447 2822 548 2896 gentis
565 2839 640 2879 suae
652 2839 739 2880 more

178 2927 245 2985 Indi
259 2929 299 2984 ad
312 2927 466 3001 proelium
473 2929 600 3000 vehunt,
610 2929 640 2986 in
655 2947 742 2986 suam

179 3044 369 3108 potestatem
403 3036 497 3094 sciret
535 3054 606 3094 esse
643 3046 742 3094 trans-

178 3146 275 3219 lapsa.

286 3252 392 3326 Quare
433 3253 557 3310 domitis
600 3253 741 3310 hostibus

179 3368 352 3432 avectaque
380 3361 498 3434 praeda
527 3360 567 3417 ad
597 3359 740 3436 Oxydra-

178 3477 297 3539 contas,
328 3461 413 3541 quae'
438 3485 516 3543 gens
544 3468 628 3525 exim
658 3469 740 3542 colit,

178 3578 237 3634 iter
258 3589 348 3633 suum
368 3576 483 3650 dirigit,
498 3593 560 3632 non
577 3576 659 3633 illam
674 3576 740 3649 qui-

179 3685 252 3742 dem
266 3693 393 3760 gentem
408 3693 442 3741 ut
463 3684 616 3741 hosticam
639 3685 740 3742 incur-

178 3800 301 3848 saturus
311 3825 347 3833 -
361 3808 464 3864 neque
474 3792 557 3848 enim
567 3792 626 3848 illis
639 3793 740 3850 studia

178 3906 251 3955 sunt
265 3916 421 3957 armorum
438 3933 484 3970 -,
508 3901 565 3958 sed
581 3900 666 3973 quod
689 3918 740 3958 ce·

179 4005 266 4063 lebr'e
281 4015 367 4064 esset
388 4008 489 4078 Indos,
511 4025 590 4081 quos
614 4024 741 4083 gymno·

177 4114 335 4186 sophistas
350 4114 519 4189 appellant,
535 4116 622 4173 hisce
632 4116 661 4172 in
671 4133 740 4189 par-

177 4222 261 4280 tibus
302 4223 430 4294 versari,
477 4241 572 4296 opum
614 4222 741 4296 quidem

177 4330 315 4387 omnium
327 4338 359 4388 et
367 4331 518 4404 cuiusque
529 4331 620 4403 pretii
634 4331 741 4406 negle-

179 4447 300 4512 gentes,
336 4438 411 4496 solis
447 4456 521 4496 vero
560 4439 740 4496 diversoriis

906 3147 933 3206 O
955 3145 1090 3226 (solus).

905 3254 1010 3328 Quare
1054 3257 1188 3316 dimotis*
1218 3257 1359 3315 hostibus

797 3371 970 3436 avectaque
997 3365 1115 3437 praeda
1144 3364 1183 3421 ad
1216 3363 1360 3440 Oxydra-

797 3476 905 3526 contas

797 3577 855 3634 iter
873 3595 963 3635 suum
978 3578 1091 3652 dirigit,
1112 3596 1174 3634 non
1191 3578 1274 3635 illam
1293 3579 1360 3652 qui-

796 3686 868 3742 dem
884 3693 1011 3761 gentem
1034 3693 1067 3743 ut
1084 3686 1237 3743 hosticam
1258 3687 1359 3744 incur-

797 3800 919 3850 saturus
929 3809 1081 3864 -neque
1094 3793 1177 3850 enim
1187 3793 1246 3850 illis
1257 3794 1359 3850 studia

796 3907 868 3957 sunt
889 3917 1045 3956 armorum
1057 3933 1103 3971 -,
1127 3901 1184 3958 sed
1206 3903 1292 3973 quod
1304 3918 1359 3959 ce-

796 4007 883 4065 lebre
902 4016 987 4064 esset
1005 4007 1108 4080 Indos,
1129 4025 1208 4081 quos
1231 4025 1359 4083 gymno—

797 4114 953 4188 sophistas
989 4116 1161 4188 appellant,
1198 4117 1288 4173 hisce
1328 4117 1358 4174 in

796 4221 936 4296 partibus
958 4224 1084 4294 versari,
1108 4241 1203 4296 opum
1231 4223 1359 4295 quidem

797 4330 933 4387 omnium
945 4332 1140 4404 etcuiusque
1150 4331 1241 4404 pretii
1250 4331 1370 4406 negle-v

797 4446 918 4513 gentes,
955 4438 1029 4495 solis
1065 4456 1141 4496 vero
1177 4437 1358 4496 diversoriis
